<?xml version='1.0' encoding='utf-8'?>
<record xmlns="http://www.loc.gov/MARC21/slim" xmlns:xsi="http://www.w3.org/2001/XMLSchema-instance">
  <leader>00000nas^a22003371a^4500</leader>
  <controlfield tag="001">002745002</controlfield>
  <controlfield tag="005">20071127111404.0</controlfield>
  <controlfield tag="008">940131c19uu9999miuwn1p^^^^^^^0uuu^0eng^d</controlfield>
  <datafield tag="010" ind1=" " ind2=" ">
    <subfield code="a">sn 83004732</subfield>
  </datafield>
  <datafield tag="022" ind1="1" ind2=" ">
    <subfield code="a">0746-4045</subfield>
    <subfield code="y">0279-2370</subfield>
  </datafield>
  <datafield tag="035" ind1=" " ind2=" ">
    <subfield code="a">(RLIN)MIUV88-S66</subfield>
  </datafield>
  <datafield tag="035" ind1=" " ind2=" ">
    <subfield code="a">(OCoLC)10024235</subfield>
  </datafield>
  <datafield tag="040" ind1=" " ind2=" ">
    <subfield code="a">NSDP</subfield>
    <subfield code="d">MiU-H</subfield>
  </datafield>
  <datafield tag="042" ind1=" " ind2=" ">
    <subfield code="a">nsdp</subfield>
  </datafield>
  <datafield tag="130" ind1="0" ind2=" ">
    <subfield code="a">Metro times (Detroit, Mich.)</subfield>
  </datafield>
  <datafield tag="222" ind1="0" ind2="4">
    <subfield code="a">The Metro times</subfield>
    <subfield code="b">(Detroit, Mich.)</subfield>
  </datafield>
  <datafield tag="245" ind1="0" ind2="4">
    <subfield code="a">The Metro times.</subfield>
  </datafield>
  <datafield tag="246" ind1="1" ind2="7">
    <subfield code="a">Detroit metro times</subfield>
  </datafield>
  <datafield tag="246" ind1="1" ind2="3">
    <subfield code="a">Metrotimes</subfield>
  </datafield>
  <datafield tag="260" ind1=" " ind2=" ">
    <subfield code="a">[Detroit, MI :</subfield>
    <subfield code="b">Metro Times,</subfield>
  </datafield>
  <datafield tag="310" ind1=" " ind2=" ">
    <subfield code="a">Weekly (except first week in Jan.)</subfield>
    <subfield code="b">Sept. 14, 1983-</subfield>
  </datafield>
  <datafield tag="321" ind1=" " ind2=" ">
    <subfield code="a">Biweekly</subfield>
    <subfield code="b">Nov. 12/15, 1981-Sept. 1/15, 1983</subfield>
  </datafield>
  <datafield tag="362" ind1="1" ind2=" ">
    <subfield code="a">Began in Nov. 1981.</subfield>
  </datafield>
  <datafield tag="500" ind1=" " ind2=" ">
    <subfield code="a">Description based on: Vol. 2, no. 3 (Nov. 12/15, 1981).</subfield>
  </datafield>
  <datafield tag="651" ind1=" " ind2="0">
    <subfield code="a">Detroit (Mich.)</subfield>
    <subfield code="x">Newspapers.</subfield>
  </datafield>
  <datafield tag="651" ind1=" " ind2="0">
    <subfield code="a">Wayne County (Mich.)</subfield>
    <subfield code="x">Newspapers.</subfield>
  </datafield>
  <datafield tag="690" ind1=" " ind2="4">
    <subfield code="a">Newspapers</subfield>
    <subfield code="y">1991-2000</subfield>
    <subfield code="z">Michigan</subfield>
    <subfield code="z">Detroit.</subfield>
  </datafield>
  <datafield tag="752" ind1=" " ind2=" ">
    <subfield code="a">United States</subfield>
    <subfield code="b">Michigan</subfield>
    <subfield code="c">Wayne</subfield>
    <subfield code="d">Detroit.</subfield>
  </datafield>
  <datafield tag="780" ind1="0" ind2="0">
    <subfield code="t">Detroit metro times</subfield>
    <subfield code="x">0279-2370</subfield>
  </datafield>
  <datafield tag="852" ind1="8" ind2=" ">
    <subfield code="a">MiU-H</subfield>
    <subfield code="b">BENT</subfield>
    <subfield code="h">49009 Aa 2</subfield>
    <subfield code="x">PTH1</subfield>
  </datafield>
  <datafield tag="998" ind1=" " ind2=" ">
    <subfield code="c">LAC</subfield>
    <subfield code="s">9550</subfield>
  </datafield>
  <datafield tag="955" ind1=" " ind2=" ">
    <subfield code="b">BENT</subfield>
    <subfield code="p">2745002-1320</subfield>
    <subfield code="z">v.26:no.27(2006:April 05)</subfield>
  </datafield>
  <datafield tag="955" ind1=" " ind2=" ">
    <subfield code="b">BENT</subfield>
    <subfield code="p">2745002-1330</subfield>
    <subfield code="z">v.26:no.28(2006:April 12)</subfield>
  </datafield>
  <datafield tag="955" ind1=" " ind2=" ">
    <subfield code="b">BENT</subfield>
    <subfield code="p">2745002-1340</subfield>
    <subfield code="z">v.26:no.29(2006:April 19)</subfield>
  </datafield>
  <datafield tag="955" ind1=" " ind2=" ">
    <subfield code="b">BENT</subfield>
    <subfield code="p">2745002-1350</subfield>
    <subfield code="z">v.26:no.30(2006:April 26)</subfield>
  </datafield>
  <datafield tag="955" ind1=" " ind2=" ">
    <subfield code="b">BENT</subfield>
    <subfield code="p">2745002-1360</subfield>
    <subfield code="z">v.26:no.31(2006:May 03)</subfield>
  </datafield>
  <datafield tag="955" ind1=" " ind2=" ">
    <subfield code="b">BENT</subfield>
    <subfield code="p">2745002-1370</subfield>
    <subfield code="z">v.26:no.32(2006:May 10)</subfield>
  </datafield>
  <datafield tag="955" ind1=" " ind2=" ">
    <subfield code="b">BENT</subfield>
    <subfield code="p">2745002-1380</subfield>
    <subfield code="z">v.26:no.33(2006:May 17)</subfield>
  </datafield>
  <datafield tag="955" ind1=" " ind2=" ">
    <subfield code="b">BENT</subfield>
    <subfield code="p">2745002-1390</subfield>
    <subfield code="z">v.26:no.34(2006:May 24)</subfield>
  </datafield>
  <datafield tag="955" ind1=" " ind2=" ">
    <subfield code="b">BENT</subfield>
    <subfield code="p">2745002-1400</subfield>
    <subfield code="z">v.26:no.35(2006:May 31)</subfield>
  </datafield>
  <datafield tag="955" ind1=" " ind2=" ">
    <subfield code="b">BENT</subfield>
    <subfield code="p">2745002-1410</subfield>
    <subfield code="z">v.26:no.36(2006:Jun. 07)</subfield>
  </datafield>
  <datafield tag="955" ind1=" " ind2=" ">
    <subfield code="b">BENT</subfield>
    <subfield code="p">2745002-1420</subfield>
    <subfield code="z">v.26:no.37(2006:Jun. 14)</subfield>
  </datafield>
  <datafield tag="955" ind1=" " ind2=" ">
    <subfield code="b">BENT</subfield>
    <subfield code="p">2745002-1430</subfield>
    <subfield code="z">v.26:no.38(2006:Jun. 21)</subfield>
  </datafield>
  <datafield tag="955" ind1=" " ind2=" ">
    <subfield code="b">BENT</subfield>
    <subfield code="p">2745002-1440</subfield>
    <subfield code="z">v.26:no.39(2006:Jun. 28)</subfield>
  </datafield>
  <datafield tag="955" ind1=" " ind2=" ">
    <subfield code="b">BENT</subfield>
    <subfield code="p">2745002-1450</subfield>
    <subfield code="z">v.26:no.40(2006:Jul. 05)</subfield>
  </datafield>
  <datafield tag="955" ind1=" " ind2=" ">
    <subfield code="b">BENT</subfield>
    <subfield code="p">2745002-1460</subfield>
    <subfield code="z">v.26:no.41(2006:Jul. 12)</subfield>
  </datafield>
  <datafield tag="955" ind1=" " ind2=" ">
    <subfield code="b">BENT</subfield>
    <subfield code="p">2745002-1470</subfield>
    <subfield code="z">v.26:no.42(2006:Jul. 19)</subfield>
  </datafield>
  <datafield tag="955" ind1=" " ind2=" ">
    <subfield code="b">BENT</subfield>
    <subfield code="p">2745002-1480</subfield>
    <subfield code="z">v.26:no.43(2006:Jul. 26)</subfield>
  </datafield>
  <datafield tag="955" ind1=" " ind2=" ">
    <subfield code="b">BENT</subfield>
    <subfield code="p">2745002-1490</subfield>
    <subfield code="z">v.26:no.44(2006:Aug. 02)</subfield>
  </datafield>
  <datafield tag="955" ind1=" " ind2=" ">
    <subfield code="b">BENT</subfield>
    <subfield code="p">2745002-1500</subfield>
    <subfield code="z">v.26:no.45(2006:Aug. 09)</subfield>
  </datafield>
  <datafield tag="955" ind1=" " ind2=" ">
    <subfield code="b">BENT</subfield>
    <subfield code="p">2745002-1510</subfield>
    <subfield code="z">v.26:no.46(2006:Aug. 16)</subfield>
  </datafield>
  <datafield tag="955" ind1=" " ind2=" ">
    <subfield code="b">BENT</subfield>
    <subfield code="p">2745002-1520</subfield>
    <subfield code="z">v.26:no.47(2006:Aug. 23)</subfield>
  </datafield>
  <datafield tag="955" ind1=" " ind2=" ">
    <subfield code="b">BENT</subfield>
    <subfield code="p">2745002-1530</subfield>
    <subfield code="z">v.26:no.48(2006:Aug. 30)</subfield>
  </datafield>
  <datafield tag="955" ind1=" " ind2=" ">
    <subfield code="b">BENT</subfield>
    <subfield code="p">2745002-1540</subfield>
    <subfield code="z">v.26:no.49(2006:Sep. 06)</subfield>
  </datafield>
  <datafield tag="955" ind1=" " ind2=" ">
    <subfield code="b">BENT</subfield>
    <subfield code="p">2745002-1550</subfield>
    <subfield code="z">v.26:no.50(2006:Sep. 13)</subfield>
  </datafield>
  <datafield tag="955" ind1=" " ind2=" ">
    <subfield code="b">BENT</subfield>
    <subfield code="p">2745002-1560</subfield>
    <subfield code="z">v.26:no.51(2006:Sep. 20)</subfield>
  </datafield>
  <datafield tag="955" ind1=" " ind2=" ">
    <subfield code="b">BENT</subfield>
    <subfield code="p">2745002-1570</subfield>
    <subfield code="z">v.26:no.52(2006:Sep. 27)</subfield>
  </datafield>
  <datafield tag="955" ind1=" " ind2=" ">
    <subfield code="b">BENT</subfield>
    <subfield code="p">2745002-1580</subfield>
    <subfield code="z">v.27:no.5(2006:Nov. 01)</subfield>
  </datafield>
  <datafield tag="955" ind1=" " ind2=" ">
    <subfield code="b">BENT</subfield>
    <subfield code="p">2745002-1590</subfield>
    <subfield code="z">v.27:no.6(2006:Nov. 08)</subfield>
  </datafield>
  <datafield tag="955" ind1=" " ind2=" ">
    <subfield code="b">BENT</subfield>
    <subfield code="p">2745002-1600</subfield>
    <subfield code="z">v.27:no.7(2006:Nov. 15)</subfield>
  </datafield>
  <datafield tag="955" ind1=" " ind2=" ">
    <subfield code="b">BENT</subfield>
    <subfield code="p">2745002-190</subfield>
    <subfield code="z">v.24:no.31(2004:May 05)</subfield>
  </datafield>
  <datafield tag="955" ind1=" " ind2=" ">
    <subfield code="b">BENT</subfield>
    <subfield code="p">2745002-2110</subfield>
    <subfield code="z">v.27:no.8(2006:Nov. 22)</subfield>
  </datafield>
  <datafield tag="955" ind1=" " ind2=" ">
    <subfield code="b">BENT</subfield>
    <subfield code="p">2745002-2120</subfield>
    <subfield code="z">v.27:no.9(2006:Nov. 29)</subfield>
  </datafield>
  <datafield tag="955" ind1=" " ind2=" ">
    <subfield code="b">BENT</subfield>
    <subfield code="p">2745002-2130</subfield>
    <subfield code="z">v.27:no.10(2006:Dec. 06)</subfield>
  </datafield>
  <datafield tag="955" ind1=" " ind2=" ">
    <subfield code="b">BENT</subfield>
    <subfield code="p">2745002-2140</subfield>
    <subfield code="z">v.27:no.11(2006:Dec. 13)</subfield>
  </datafield>
  <datafield tag="955" ind1=" " ind2=" ">
    <subfield code="b">BENT</subfield>
    <subfield code="p">2745002-2150</subfield>
    <subfield code="z">v.27:no.12(2006:Dec. 20)</subfield>
  </datafield>
  <datafield tag="955" ind1=" " ind2=" ">
    <subfield code="b">BENT</subfield>
    <subfield code="p">2745002-2160</subfield>
    <subfield code="z">v.27:no.13(2006:Dec. 27)</subfield>
  </datafield>
  <datafield tag="955" ind1=" " ind2=" ">
    <subfield code="b">BENT</subfield>
    <subfield code="p">2745002-2170</subfield>
    <subfield code="z">v.27:no.14(2007:Jan. 03)</subfield>
  </datafield>
  <datafield tag="955" ind1=" " ind2=" ">
    <subfield code="b">BENT</subfield>
    <subfield code="p">2745002-2180</subfield>
    <subfield code="z">v.27:no.15(2007:Jan. 10)</subfield>
  </datafield>
  <datafield tag="955" ind1=" " ind2=" ">
    <subfield code="b">BENT</subfield>
    <subfield code="p">2745002-2190</subfield>
    <subfield code="z">v.27:no.16(2007:Jan. 17)</subfield>
  </datafield>
  <datafield tag="955" ind1=" " ind2=" ">
    <subfield code="b">BENT</subfield>
    <subfield code="p">2745002-2200</subfield>
    <subfield code="z">v.27:no.17(2007:Jan. 24)</subfield>
  </datafield>
  <datafield tag="955" ind1=" " ind2=" ">
    <subfield code="b">BENT</subfield>
    <subfield code="p">2745002-2210</subfield>
    <subfield code="z">v.27:no.18(2007:Jan. 31)</subfield>
  </datafield>
  <datafield tag="955" ind1=" " ind2=" ">
    <subfield code="b">BENT</subfield>
    <subfield code="p">2745002-2220</subfield>
    <subfield code="z">v.27:no.19(2007:Feb. 07)</subfield>
  </datafield>
  <datafield tag="955" ind1=" " ind2=" ">
    <subfield code="b">BENT</subfield>
    <subfield code="p">2745002-2230</subfield>
    <subfield code="z">v.27:no.20(2007:Feb. 14)</subfield>
  </datafield>
  <datafield tag="955" ind1=" " ind2=" ">
    <subfield code="b">BENT</subfield>
    <subfield code="p">2745002-2240</subfield>
    <subfield code="z">v.27:no.21(2007:Feb. 21)</subfield>
  </datafield>
  <datafield tag="955" ind1=" " ind2=" ">
    <subfield code="b">BENT</subfield>
    <subfield code="p">2745002-2250</subfield>
    <subfield code="z">v.27:no.22(2007:Feb. 28)</subfield>
  </datafield>
  <datafield tag="955" ind1=" " ind2=" ">
    <subfield code="b">BENT</subfield>
    <subfield code="p">2745002-2260</subfield>
    <subfield code="z">v.27:no.23(2007:Mar. 07)</subfield>
  </datafield>
  <datafield tag="955" ind1=" " ind2=" ">
    <subfield code="b">BENT</subfield>
    <subfield code="p">2745002-2270</subfield>
    <subfield code="z">v.27:no.24(2007:Mar. 14)</subfield>
  </datafield>
  <datafield tag="955" ind1=" " ind2=" ">
    <subfield code="b">BENT</subfield>
    <subfield code="p">2745002-2280</subfield>
    <subfield code="z">v.27:no.25(2007:Mar. 21)</subfield>
  </datafield>
  <datafield tag="955" ind1=" " ind2=" ">
    <subfield code="b">BENT</subfield>
    <subfield code="p">2745002-2290</subfield>
    <subfield code="z">v.27:no.26(2007:Mar. 28)</subfield>
  </datafield>
  <datafield tag="955" ind1=" " ind2=" ">
    <subfield code="b">BENT</subfield>
    <subfield code="p">2745002-2300</subfield>
    <subfield code="z">v.27:no.27(2007:April 04)</subfield>
  </datafield>
  <datafield tag="955" ind1=" " ind2=" ">
    <subfield code="b">BENT</subfield>
    <subfield code="p">2745002-2310</subfield>
    <subfield code="z">v.27:no.28(2007:April 11)</subfield>
  </datafield>
  <datafield tag="955" ind1=" " ind2=" ">
    <subfield code="b">BENT</subfield>
    <subfield code="p">2745002-2320</subfield>
    <subfield code="z">v.27:no.29(2007:April 18)</subfield>
  </datafield>
  <datafield tag="955" ind1=" " ind2=" ">
    <subfield code="b">BENT</subfield>
    <subfield code="p">2745002-2330</subfield>
    <subfield code="z">v.27:no.30(2007:April 25)</subfield>
  </datafield>
  <datafield tag="955" ind1=" " ind2=" ">
    <subfield code="b">BENT</subfield>
    <subfield code="p">2745002-2340</subfield>
    <subfield code="z">v.27:no.31(2007:May 02)</subfield>
  </datafield>
  <datafield tag="955" ind1=" " ind2=" ">
    <subfield code="b">BENT</subfield>
    <subfield code="p">2745002-2350</subfield>
    <subfield code="z">v.27:no.32(2007:May 09)</subfield>
  </datafield>
  <datafield tag="955" ind1=" " ind2=" ">
    <subfield code="b">BENT</subfield>
    <subfield code="p">2745002-2360</subfield>
    <subfield code="z">v.27:no.33(2007:May 16)</subfield>
  </datafield>
  <datafield tag="955" ind1=" " ind2=" ">
    <subfield code="b">BENT</subfield>
    <subfield code="p">2745002-2370</subfield>
    <subfield code="z">v.27:no.34(2007:May 23)</subfield>
  </datafield>
  <datafield tag="955" ind1=" " ind2=" ">
    <subfield code="b">BENT</subfield>
    <subfield code="p">2745002-2380</subfield>
    <subfield code="z">v.27:no.35(2007:May 30)</subfield>
  </datafield>
  <datafield tag="955" ind1=" " ind2=" ">
    <subfield code="b">BENT</subfield>
    <subfield code="p">2745002-2390</subfield>
    <subfield code="z">v.27:no.36(2007:Jun. 06)</subfield>
  </datafield>
  <datafield tag="955" ind1=" " ind2=" ">
    <subfield code="b">BENT</subfield>
    <subfield code="p">2745002-2400</subfield>
    <subfield code="z">v.27:no.37(2007:Jun. 13)</subfield>
  </datafield>
  <datafield tag="955" ind1=" " ind2=" ">
    <subfield code="b">BENT</subfield>
    <subfield code="p">2745002-2410</subfield>
    <subfield code="z">v.27:no.38(2007:Jun. 20)</subfield>
  </datafield>
  <datafield tag="955" ind1=" " ind2=" ">
    <subfield code="b">BENT</subfield>
    <subfield code="p">2745002-2420</subfield>
    <subfield code="z">v.27:no.39(2007:Jun. 27)</subfield>
  </datafield>
  <datafield tag="955" ind1=" " ind2=" ">
    <subfield code="b">BENT</subfield>
    <subfield code="p">2745002-2430</subfield>
    <subfield code="z">v.27:no.40(2007:Jul. 04)</subfield>
  </datafield>
  <datafield tag="955" ind1=" " ind2=" ">
    <subfield code="b">BENT</subfield>
    <subfield code="p">2745002-2440</subfield>
    <subfield code="z">v.27:no.41(2007:Jul. 11)</subfield>
  </datafield>
  <datafield tag="955" ind1=" " ind2=" ">
    <subfield code="b">BENT</subfield>
    <subfield code="p">2745002-2450</subfield>
    <subfield code="z">v.27:no.42(2007:Jul. 18)</subfield>
  </datafield>
  <datafield tag="955" ind1=" " ind2=" ">
    <subfield code="b">BENT</subfield>
    <subfield code="p">2745002-2460</subfield>
    <subfield code="z">v.27:no.43(2007:Jul. 25)</subfield>
  </datafield>
  <datafield tag="955" ind1=" " ind2=" ">
    <subfield code="b">BENT</subfield>
    <subfield code="p">2745002-2470</subfield>
    <subfield code="z">v.27:no.44(2007:Aug. 01)</subfield>
  </datafield>
  <datafield tag="955" ind1=" " ind2=" ">
    <subfield code="b">BENT</subfield>
    <subfield code="p">2745002-2480</subfield>
    <subfield code="z">v.27:no.45(2007:Aug. 08)</subfield>
  </datafield>
  <datafield tag="955" ind1=" " ind2=" ">
    <subfield code="b">BENT</subfield>
    <subfield code="p">2745002-2490</subfield>
    <subfield code="z">v.27:no.46(2007:Aug. 15)</subfield>
  </datafield>
  <datafield tag="955" ind1=" " ind2=" ">
    <subfield code="b">BENT</subfield>
    <subfield code="p">2745002-2500</subfield>
    <subfield code="z">v.27:no.47(2007:Aug. 22)</subfield>
  </datafield>
  <datafield tag="955" ind1=" " ind2=" ">
    <subfield code="b">BENT</subfield>
    <subfield code="p">2745002-2510</subfield>
    <subfield code="z">v.27:no.48(2007:Aug. 29)</subfield>
  </datafield>
  <datafield tag="955" ind1=" " ind2=" ">
    <subfield code="b">BENT</subfield>
    <subfield code="p">2745002-2520</subfield>
    <subfield code="z">v.27:no.49(2007:Sep. 05)</subfield>
  </datafield>
  <datafield tag="955" ind1=" " ind2=" ">
    <subfield code="b">BENT</subfield>
    <subfield code="p">2745002-2530</subfield>
    <subfield code="z">v.27:no.50(2007:Sep. 12)</subfield>
  </datafield>
  <datafield tag="955" ind1=" " ind2=" ">
    <subfield code="b">BENT</subfield>
    <subfield code="p">2745002-2540</subfield>
    <subfield code="z">v.27:no.51(2007:Sep. 19)</subfield>
  </datafield>
  <datafield tag="955" ind1=" " ind2=" ">
    <subfield code="b">BENT</subfield>
    <subfield code="p">2745002-2550</subfield>
    <subfield code="z">v.27:no.52(2007:Sep. 26)</subfield>
  </datafield>
  <datafield tag="955" ind1=" " ind2=" ">
    <subfield code="b">BENT</subfield>
    <subfield code="p">2745002-2560</subfield>
    <subfield code="z">v.27:no.53(2007:Oct. 03)</subfield>
  </datafield>
  <datafield tag="955" ind1=" " ind2=" ">
    <subfield code="b">BENT</subfield>
    <subfield code="p">2745002-2570</subfield>
    <subfield code="z">v.28:no.1(2007:Oct. 10)</subfield>
  </datafield>
  <datafield tag="955" ind1=" " ind2=" ">
    <subfield code="b">BENT</subfield>
    <subfield code="p">2745002-2580</subfield>
    <subfield code="z">v.28:no.2(2007:Oct. 17)</subfield>
  </datafield>
  <datafield tag="955" ind1=" " ind2=" ">
    <subfield code="b">BENT</subfield>
    <subfield code="p">2745002-2590</subfield>
    <subfield code="z">v.28:no.3(2007:Oct. 24)</subfield>
  </datafield>
  <datafield tag="955" ind1=" " ind2=" ">
    <subfield code="b">BENT</subfield>
    <subfield code="p">2745002-2600</subfield>
    <subfield code="z">v.28:no.4(2007:Oct. 31)</subfield>
  </datafield>
  <datafield tag="955" ind1=" " ind2=" ">
    <subfield code="b">BENT</subfield>
    <subfield code="p">2745002-2610</subfield>
    <subfield code="z">v.28:no.5(2007:Nov. 07)</subfield>
  </datafield>
  <datafield tag="955" ind1=" " ind2=" ">
    <subfield code="b">BENT</subfield>
    <subfield code="p">2745002-2620</subfield>
    <subfield code="z">v.28:no.6(2007:Nov. 14)</subfield>
  </datafield>
  <datafield tag="955" ind1=" " ind2=" ">
    <subfield code="b">BENT</subfield>
    <subfield code="p">2745002-2700</subfield>
    <subfield code="z">v.28:no.7(2007:Nov. 21)</subfield>
  </datafield>
  <datafield tag="955" ind1=" " ind2=" ">
    <subfield code="b">BENT</subfield>
    <subfield code="p">2745002-2710</subfield>
    <subfield code="z">v.28:no.8(2007:Nov. 28)</subfield>
  </datafield>
  <datafield tag="955" ind1=" " ind2=" ">
    <subfield code="b">BENT</subfield>
    <subfield code="p">2745002-2720</subfield>
    <subfield code="z">v.28:no.9(2007:Dec. 05)</subfield>
  </datafield>
  <datafield tag="955" ind1=" " ind2=" ">
    <subfield code="b">BENT</subfield>
    <subfield code="p">2745002-2730</subfield>
    <subfield code="z">v.28:no.10(2007:Dec. 12)</subfield>
  </datafield>
  <datafield tag="955" ind1=" " ind2=" ">
    <subfield code="b">BENT</subfield>
    <subfield code="p">2745002-2740</subfield>
    <subfield code="z">v.28:no.11(2007:Dec. 19)</subfield>
  </datafield>
  <datafield tag="955" ind1=" " ind2=" ">
    <subfield code="b">BENT</subfield>
    <subfield code="p">2745002-2750</subfield>
    <subfield code="z">v.28:no.12(2007:Dec. 26)</subfield>
  </datafield>
  <datafield tag="955" ind1=" " ind2=" ">
    <subfield code="b">BENT</subfield>
    <subfield code="p">2745002-2760</subfield>
    <subfield code="z">v.28:no.13(2008:Jan. 02)</subfield>
  </datafield>
  <datafield tag="955" ind1=" " ind2=" ">
    <subfield code="b">BENT</subfield>
    <subfield code="p">2745002-2770</subfield>
    <subfield code="z">v.28:no.14(2008:Jan. 09)</subfield>
  </datafield>
  <datafield tag="955" ind1=" " ind2=" ">
    <subfield code="b">BENT</subfield>
    <subfield code="p">2745002-2780</subfield>
    <subfield code="z">v.28:no.15(2008:Jan. 16)</subfield>
  </datafield>
  <datafield tag="955" ind1=" " ind2=" ">
    <subfield code="b">BENT</subfield>
    <subfield code="p">2745002-2790</subfield>
    <subfield code="z">v.28:no.16(2008:Jan. 23)</subfield>
  </datafield>
  <datafield tag="955" ind1=" " ind2=" ">
    <subfield code="b">BENT</subfield>
    <subfield code="p">2745002-2800</subfield>
    <subfield code="z">v.28:no.17(2008:Jan. 30)</subfield>
  </datafield>
  <datafield tag="955" ind1=" " ind2=" ">
    <subfield code="b">BENT</subfield>
    <subfield code="p">2745002-2810</subfield>
    <subfield code="z">v.28:no.18(2008:Feb. 06)</subfield>
  </datafield>
  <datafield tag="955" ind1=" " ind2=" ">
    <subfield code="b">BENT</subfield>
    <subfield code="p">2745002-2820</subfield>
    <subfield code="z">v.28:no.19(2008:Feb. 13)</subfield>
  </datafield>
  <datafield tag="955" ind1=" " ind2=" ">
    <subfield code="b">BENT</subfield>
    <subfield code="p">2745002-2830</subfield>
    <subfield code="z">v.28:no.20(2008:Feb. 20)</subfield>
  </datafield>
  <datafield tag="955" ind1=" " ind2=" ">
    <subfield code="b">BENT</subfield>
    <subfield code="p">2745002-2840</subfield>
    <subfield code="z">v.28:no.21(2008:Feb. 27)</subfield>
  </datafield>
  <datafield tag="955" ind1=" " ind2=" ">
    <subfield code="b">BENT</subfield>
    <subfield code="p">2745002-2850</subfield>
    <subfield code="z">v.28:no.22(2008:Mar. 05)</subfield>
  </datafield>
  <datafield tag="955" ind1=" " ind2=" ">
    <subfield code="b">BENT</subfield>
    <subfield code="p">2745002-2860</subfield>
    <subfield code="z">v.28:no.23(2008:Mar. 12)</subfield>
  </datafield>
  <datafield tag="955" ind1=" " ind2=" ">
    <subfield code="b">BENT</subfield>
    <subfield code="p">2745002-2870</subfield>
    <subfield code="z">v.28:no.24(2008:Mar. 19)</subfield>
  </datafield>
  <datafield tag="955" ind1=" " ind2=" ">
    <subfield code="b">BENT</subfield>
    <subfield code="p">2745002-2880</subfield>
    <subfield code="z">v.28:no.25(2008:Mar. 26)</subfield>
  </datafield>
  <datafield tag="955" ind1=" " ind2=" ">
    <subfield code="b">BENT</subfield>
    <subfield code="p">2745002-2890</subfield>
    <subfield code="z">v.28:no.26(2008:April 02)</subfield>
  </datafield>
  <datafield tag="955" ind1=" " ind2=" ">
    <subfield code="b">BENT</subfield>
    <subfield code="p">2745002-2900</subfield>
    <subfield code="z">v.28:no.27(2008:April 09)</subfield>
  </datafield>
  <datafield tag="955" ind1=" " ind2=" ">
    <subfield code="b">BENT</subfield>
    <subfield code="p">2745002-2910</subfield>
    <subfield code="z">v.28:no.28(2008:April 16)</subfield>
  </datafield>
  <datafield tag="955" ind1=" " ind2=" ">
    <subfield code="b">BENT</subfield>
    <subfield code="p">2745002-2920</subfield>
    <subfield code="z">v.28:no.29(2008:April 23)</subfield>
  </datafield>
  <datafield tag="955" ind1=" " ind2=" ">
    <subfield code="b">BENT</subfield>
    <subfield code="p">2745002-2930</subfield>
    <subfield code="z">v.28:no.30(2008:April 30)</subfield>
  </datafield>
  <datafield tag="955" ind1=" " ind2=" ">
    <subfield code="b">BENT</subfield>
    <subfield code="p">2745002-2940</subfield>
    <subfield code="z">v.28:no.31(2008:May 07)</subfield>
  </datafield>
  <datafield tag="955" ind1=" " ind2=" ">
    <subfield code="b">BENT</subfield>
    <subfield code="p">2745002-2950</subfield>
    <subfield code="z">v.28:no.32(2008:May 14)</subfield>
  </datafield>
  <datafield tag="955" ind1=" " ind2=" ">
    <subfield code="b">BENT</subfield>
    <subfield code="p">2745002-2960</subfield>
    <subfield code="z">v.28:no.33(2008:May 21)</subfield>
  </datafield>
  <datafield tag="955" ind1=" " ind2=" ">
    <subfield code="b">BENT</subfield>
    <subfield code="p">2745002-2970</subfield>
    <subfield code="z">v.28:no.34(2008:May 28)</subfield>
  </datafield>
  <datafield tag="955" ind1=" " ind2=" ">
    <subfield code="b">BENT</subfield>
    <subfield code="p">2745002-2980</subfield>
    <subfield code="z">v.28:no.35(2008:Jun. 04)</subfield>
  </datafield>
  <datafield tag="955" ind1=" " ind2=" ">
    <subfield code="b">BENT</subfield>
    <subfield code="p">2745002-2990</subfield>
    <subfield code="z">v.28:no.36(2008:Jun. 11)</subfield>
  </datafield>
  <datafield tag="955" ind1=" " ind2=" ">
    <subfield code="b">BENT</subfield>
    <subfield code="p">2745002-3000</subfield>
    <subfield code="z">v.28:no.37(2008:Jun. 18)</subfield>
  </datafield>
  <datafield tag="955" ind1=" " ind2=" ">
    <subfield code="b">BENT</subfield>
    <subfield code="p">2745002-3010</subfield>
    <subfield code="z">v.28:no.38(2008:Jun. 25)</subfield>
  </datafield>
  <datafield tag="955" ind1=" " ind2=" ">
    <subfield code="b">BENT</subfield>
    <subfield code="p">2745002-3020</subfield>
    <subfield code="z">v.28:no.39(2008:Jul. 02)</subfield>
  </datafield>
  <datafield tag="955" ind1=" " ind2=" ">
    <subfield code="b">BENT</subfield>
    <subfield code="p">2745002-3030</subfield>
    <subfield code="z">v.28:no.40(2008:Jul. 09)</subfield>
  </datafield>
  <datafield tag="955" ind1=" " ind2=" ">
    <subfield code="b">BENT</subfield>
    <subfield code="p">2745002-3040</subfield>
    <subfield code="z">v.28:no.41(2008:Jul. 16)</subfield>
  </datafield>
  <datafield tag="955" ind1=" " ind2=" ">
    <subfield code="b">BENT</subfield>
    <subfield code="p">2745002-3050</subfield>
    <subfield code="z">v.28:no.42(2008:Jul. 23)</subfield>
  </datafield>
  <datafield tag="955" ind1=" " ind2=" ">
    <subfield code="b">BENT</subfield>
    <subfield code="p">2745002-3060</subfield>
    <subfield code="z">v.28:no.43(2008:Jul. 30)</subfield>
  </datafield>
  <datafield tag="955" ind1=" " ind2=" ">
    <subfield code="b">BENT</subfield>
    <subfield code="p">2745002-3070</subfield>
    <subfield code="z">v.28:no.44(2008:Aug. 06)</subfield>
  </datafield>
  <datafield tag="955" ind1=" " ind2=" ">
    <subfield code="b">BENT</subfield>
    <subfield code="p">2745002-3080</subfield>
    <subfield code="z">v.28:no.45(2008:Aug. 13)</subfield>
  </datafield>
  <datafield tag="955" ind1=" " ind2=" ">
    <subfield code="b">BENT</subfield>
    <subfield code="p">2745002-3090</subfield>
    <subfield code="z">v.28:no.46(2008:Aug. 20)</subfield>
  </datafield>
  <datafield tag="955" ind1=" " ind2=" ">
    <subfield code="b">BENT</subfield>
    <subfield code="p">2745002-3100</subfield>
    <subfield code="z">v.28:no.47(2008:Aug. 27)</subfield>
  </datafield>
  <datafield tag="955" ind1=" " ind2=" ">
    <subfield code="b">BENT</subfield>
    <subfield code="p">2745002-3110</subfield>
    <subfield code="z">v.28:no.48(2008:Sep. 03)</subfield>
  </datafield>
  <datafield tag="955" ind1=" " ind2=" ">
    <subfield code="b">BENT</subfield>
    <subfield code="p">2745002-3120</subfield>
    <subfield code="z">v.28:no.49(2008:Sep. 10)</subfield>
  </datafield>
  <datafield tag="955" ind1=" " ind2=" ">
    <subfield code="b">BENT</subfield>
    <subfield code="p">2745002-3130</subfield>
    <subfield code="z">v.28:no.50(2008:Sep. 17)</subfield>
  </datafield>
  <datafield tag="955" ind1=" " ind2=" ">
    <subfield code="b">BENT</subfield>
    <subfield code="p">2745002-3140</subfield>
    <subfield code="z">v.28:no.51(2008:Sep. 24)</subfield>
  </datafield>
  <datafield tag="955" ind1=" " ind2=" ">
    <subfield code="b">BENT</subfield>
    <subfield code="p">2745002-3150</subfield>
    <subfield code="z">v.28:no.52(2008:Oct. 01)</subfield>
  </datafield>
  <datafield tag="955" ind1=" " ind2=" ">
    <subfield code="b">BENT</subfield>
    <subfield code="p">2745002-3160</subfield>
    <subfield code="z">v.28:no.53(2008:Oct. 08)</subfield>
  </datafield>
  <datafield tag="955" ind1=" " ind2=" ">
    <subfield code="b">BENT</subfield>
    <subfield code="p">2745002-3170</subfield>
    <subfield code="z">v.29:no.1(2008:Oct. 15)</subfield>
  </datafield>
  <datafield tag="955" ind1=" " ind2=" ">
    <subfield code="b">BENT</subfield>
    <subfield code="p">2745002-3180</subfield>
    <subfield code="z">v.29:no.2(2008:Oct. 22)</subfield>
  </datafield>
  <datafield tag="955" ind1=" " ind2=" ">
    <subfield code="b">BENT</subfield>
    <subfield code="p">2745002-3190</subfield>
    <subfield code="z">v.29:no.3(2008:Oct. 29)</subfield>
  </datafield>
  <datafield tag="955" ind1=" " ind2=" ">
    <subfield code="b">BENT</subfield>
    <subfield code="p">2745002-3200</subfield>
    <subfield code="z">v.29:no.4(2008:Nov. 05)</subfield>
  </datafield>
  <datafield tag="955" ind1=" " ind2=" ">
    <subfield code="b">BENT</subfield>
    <subfield code="p">2745002-3210</subfield>
    <subfield code="z">v.29:no.5(2008:Nov. 12)</subfield>
  </datafield>
  <datafield tag="955" ind1=" " ind2=" ">
    <subfield code="b">BENT</subfield>
    <subfield code="p">2745002-3230</subfield>
    <subfield code="z">v.29:no.6(2008:Nov. 19)</subfield>
  </datafield>
  <datafield tag="955" ind1=" " ind2=" ">
    <subfield code="b">BENT</subfield>
    <subfield code="p">2745002-3240</subfield>
    <subfield code="z">v.29:no.7(2008:Nov. 26)</subfield>
  </datafield>
  <datafield tag="955" ind1=" " ind2=" ">
    <subfield code="b">BENT</subfield>
    <subfield code="p">2745002-3250</subfield>
    <subfield code="z">v.29:no.8(2008:Dec. 03)</subfield>
  </datafield>
  <datafield tag="955" ind1=" " ind2=" ">
    <subfield code="b">BENT</subfield>
    <subfield code="p">2745002-3260</subfield>
    <subfield code="z">v.29:no.9(2008:Dec. 10)</subfield>
  </datafield>
  <datafield tag="955" ind1=" " ind2=" ">
    <subfield code="b">BENT</subfield>
    <subfield code="p">2745002-3270</subfield>
    <subfield code="z">v.29:no.10(2008:Dec. 17)</subfield>
  </datafield>
  <datafield tag="955" ind1=" " ind2=" ">
    <subfield code="b">BENT</subfield>
    <subfield code="p">2745002-3280</subfield>
    <subfield code="z">v.29:no.11(2008:Dec. 24)</subfield>
  </datafield>
  <datafield tag="955" ind1=" " ind2=" ">
    <subfield code="b">BENT</subfield>
    <subfield code="p">2745002-3290</subfield>
    <subfield code="z">v.29:no.12(2008:Dec. 31)</subfield>
  </datafield>
  <datafield tag="955" ind1=" " ind2=" ">
    <subfield code="b">BENT</subfield>
    <subfield code="p">2745002-3300</subfield>
    <subfield code="z">v.29:no.13(2009:Jan. 07)</subfield>
  </datafield>
  <datafield tag="955" ind1=" " ind2=" ">
    <subfield code="b">BENT</subfield>
    <subfield code="p">2745002-3310</subfield>
    <subfield code="z">v.29:no.14(2009:Jan. 14)</subfield>
  </datafield>
  <datafield tag="955" ind1=" " ind2=" ">
    <subfield code="b">BENT</subfield>
    <subfield code="p">2745002-3320</subfield>
    <subfield code="z">v.29:no.15(2009:Jan. 21)</subfield>
  </datafield>
  <datafield tag="955" ind1=" " ind2=" ">
    <subfield code="b">BENT</subfield>
    <subfield code="p">2745002-3330</subfield>
    <subfield code="z">v.29:no.16(2009:Jan. 28)</subfield>
  </datafield>
  <datafield tag="955" ind1=" " ind2=" ">
    <subfield code="b">BENT</subfield>
    <subfield code="p">2745002-3340</subfield>
    <subfield code="z">v.29:no.17(2009:Feb. 04)</subfield>
  </datafield>
  <datafield tag="955" ind1=" " ind2=" ">
    <subfield code="b">BENT</subfield>
    <subfield code="p">2745002-3350</subfield>
    <subfield code="z">v.29:no.18(2009:Feb. 11)</subfield>
  </datafield>
  <datafield tag="955" ind1=" " ind2=" ">
    <subfield code="b">BENT</subfield>
    <subfield code="p">2745002-3360</subfield>
    <subfield code="z">v.29:no.19(2009:Feb. 18)</subfield>
  </datafield>
  <datafield tag="955" ind1=" " ind2=" ">
    <subfield code="b">BENT</subfield>
    <subfield code="p">2745002-3370</subfield>
    <subfield code="z">v.29:no.20(2009:Feb. 25)</subfield>
  </datafield>
  <datafield tag="955" ind1=" " ind2=" ">
    <subfield code="b">BENT</subfield>
    <subfield code="p">2745002-3380</subfield>
    <subfield code="z">v.29:no.21(2009:Mar. 04)</subfield>
  </datafield>
  <datafield tag="955" ind1=" " ind2=" ">
    <subfield code="b">BENT</subfield>
    <subfield code="p">2745002-3390</subfield>
    <subfield code="z">v.29:no.22(2009:Mar. 11)</subfield>
  </datafield>
  <datafield tag="955" ind1=" " ind2=" ">
    <subfield code="b">BENT</subfield>
    <subfield code="p">2745002-3400</subfield>
    <subfield code="z">v.29:no.23(2009:Mar. 18)</subfield>
  </datafield>
  <datafield tag="955" ind1=" " ind2=" ">
    <subfield code="b">BENT</subfield>
    <subfield code="p">2745002-3410</subfield>
    <subfield code="z">v.29:no.24(2009:Mar. 25)</subfield>
  </datafield>
  <datafield tag="955" ind1=" " ind2=" ">
    <subfield code="b">BENT</subfield>
    <subfield code="p">2745002-3420</subfield>
    <subfield code="z">v.29:no.25(2009:April 01)</subfield>
  </datafield>
  <datafield tag="955" ind1=" " ind2=" ">
    <subfield code="b">BENT</subfield>
    <subfield code="p">2745002-3430</subfield>
    <subfield code="z">v.29:no.26(2009:April 08)</subfield>
  </datafield>
  <datafield tag="955" ind1=" " ind2=" ">
    <subfield code="b">BENT</subfield>
    <subfield code="p">2745002-3440</subfield>
    <subfield code="z">v.29:no.27(2009:April 15)</subfield>
  </datafield>
  <datafield tag="955" ind1=" " ind2=" ">
    <subfield code="b">BENT</subfield>
    <subfield code="p">2745002-3450</subfield>
    <subfield code="z">v.29:no.28(2009:April 22)</subfield>
  </datafield>
  <datafield tag="955" ind1=" " ind2=" ">
    <subfield code="b">BENT</subfield>
    <subfield code="p">2745002-3460</subfield>
    <subfield code="z">v.29:no.29(2009:April 29)</subfield>
  </datafield>
  <datafield tag="955" ind1=" " ind2=" ">
    <subfield code="b">BENT</subfield>
    <subfield code="p">2745002-3470</subfield>
    <subfield code="z">v.29:no.30(2009:May 06)</subfield>
  </datafield>
  <datafield tag="955" ind1=" " ind2=" ">
    <subfield code="b">BENT</subfield>
    <subfield code="p">2745002-3480</subfield>
    <subfield code="z">v.29:no.31(2009:May 13)</subfield>
  </datafield>
  <datafield tag="955" ind1=" " ind2=" ">
    <subfield code="b">BENT</subfield>
    <subfield code="p">2745002-3490</subfield>
    <subfield code="z">v.29:no.32(2009:May 20)</subfield>
  </datafield>
  <datafield tag="955" ind1=" " ind2=" ">
    <subfield code="b">BENT</subfield>
    <subfield code="p">2745002-3500</subfield>
    <subfield code="z">v.29:no.33(2009:May 27)</subfield>
  </datafield>
  <datafield tag="955" ind1=" " ind2=" ">
    <subfield code="b">BENT</subfield>
    <subfield code="p">2745002-3510</subfield>
    <subfield code="z">v.29:no.34(2009:Jun. 03)</subfield>
  </datafield>
  <datafield tag="955" ind1=" " ind2=" ">
    <subfield code="b">BENT</subfield>
    <subfield code="p">2745002-3520</subfield>
    <subfield code="z">v.29:no.35(2009:Jun. 10)</subfield>
  </datafield>
  <datafield tag="955" ind1=" " ind2=" ">
    <subfield code="b">BENT</subfield>
    <subfield code="p">2745002-3530</subfield>
    <subfield code="z">v.29:no.36(2009:Jun. 17)</subfield>
  </datafield>
  <datafield tag="955" ind1=" " ind2=" ">
    <subfield code="b">BENT</subfield>
    <subfield code="p">2745002-3540</subfield>
    <subfield code="z">v.29:no.37(2009:Jun. 24)</subfield>
  </datafield>
  <datafield tag="955" ind1=" " ind2=" ">
    <subfield code="b">BENT</subfield>
    <subfield code="p">2745002-3550</subfield>
    <subfield code="z">v.29:no.38(2009:Jul. 01)</subfield>
  </datafield>
  <datafield tag="955" ind1=" " ind2=" ">
    <subfield code="b">BENT</subfield>
    <subfield code="p">2745002-3560</subfield>
    <subfield code="z">v.29:no.39(2009:Jul. 08)</subfield>
  </datafield>
  <datafield tag="955" ind1=" " ind2=" ">
    <subfield code="b">BENT</subfield>
    <subfield code="p">2745002-3570</subfield>
    <subfield code="z">v.29:no.40(2009:Jul. 15)</subfield>
  </datafield>
  <datafield tag="955" ind1=" " ind2=" ">
    <subfield code="b">BENT</subfield>
    <subfield code="p">2745002-3580</subfield>
    <subfield code="z">v.29:no.41(2009:Jul. 22)</subfield>
  </datafield>
  <datafield tag="955" ind1=" " ind2=" ">
    <subfield code="b">BENT</subfield>
    <subfield code="p">2745002-3590</subfield>
    <subfield code="z">v.29:no.42(2009:Jul. 29)</subfield>
  </datafield>
  <datafield tag="955" ind1=" " ind2=" ">
    <subfield code="b">BENT</subfield>
    <subfield code="p">2745002-3600</subfield>
    <subfield code="z">v.29:no.43(2009:Aug. 05)</subfield>
  </datafield>
  <datafield tag="955" ind1=" " ind2=" ">
    <subfield code="b">BENT</subfield>
    <subfield code="p">2745002-3610</subfield>
    <subfield code="z">v.29:no.44(2009:Aug. 12)</subfield>
  </datafield>
  <datafield tag="955" ind1=" " ind2=" ">
    <subfield code="b">BENT</subfield>
    <subfield code="p">2745002-3620</subfield>
    <subfield code="z">v.29:no.45(2009:Aug. 19)</subfield>
  </datafield>
  <datafield tag="955" ind1=" " ind2=" ">
    <subfield code="b">BENT</subfield>
    <subfield code="p">2745002-3630</subfield>
    <subfield code="z">v.29:no.46(2009:Aug. 26)</subfield>
  </datafield>
  <datafield tag="955" ind1=" " ind2=" ">
    <subfield code="b">BENT</subfield>
    <subfield code="p">2745002-3640</subfield>
    <subfield code="z">v.29:no.47(2009:Sep. 02)</subfield>
  </datafield>
  <datafield tag="955" ind1=" " ind2=" ">
    <subfield code="b">BENT</subfield>
    <subfield code="p">2745002-3650</subfield>
    <subfield code="z">v.29:no.48(2009:Sep. 09)</subfield>
  </datafield>
  <datafield tag="955" ind1=" " ind2=" ">
    <subfield code="b">BENT</subfield>
    <subfield code="p">2745002-3660</subfield>
    <subfield code="z">v.29:no.49(2009:Sep. 16)</subfield>
  </datafield>
  <datafield tag="955" ind1=" " ind2=" ">
    <subfield code="b">BENT</subfield>
    <subfield code="p">2745002-3670</subfield>
    <subfield code="z">v.29:no.50(2009:Sep. 23)</subfield>
  </datafield>
  <datafield tag="955" ind1=" " ind2=" ">
    <subfield code="b">BENT</subfield>
    <subfield code="p">2745002-3680</subfield>
    <subfield code="z">v.29:no.51(2009:Sep. 30)</subfield>
  </datafield>
  <datafield tag="955" ind1=" " ind2=" ">
    <subfield code="b">BENT</subfield>
    <subfield code="p">2745002-3690</subfield>
    <subfield code="z">v.29:no.52(2009:Oct. 07)</subfield>
  </datafield>
  <datafield tag="955" ind1=" " ind2=" ">
    <subfield code="b">BENT</subfield>
    <subfield code="p">2745002-370</subfield>
    <subfield code="z">v.24:no.49(2004:Sep. 08)</subfield>
  </datafield>
  <datafield tag="955" ind1=" " ind2=" ">
    <subfield code="b">BENT</subfield>
    <subfield code="p">2745002-3700</subfield>
    <subfield code="z">v.30:no.1(2009:Oct. 14)</subfield>
  </datafield>
  <datafield tag="955" ind1=" " ind2=" ">
    <subfield code="b">BENT</subfield>
    <subfield code="p">2745002-3710</subfield>
    <subfield code="z">v.30:no.2(2009:Oct. 21)</subfield>
  </datafield>
  <datafield tag="955" ind1=" " ind2=" ">
    <subfield code="b">BENT</subfield>
    <subfield code="p">2745002-3720</subfield>
    <subfield code="z">v.30:no.3(2009:Oct. 28)</subfield>
  </datafield>
  <datafield tag="955" ind1=" " ind2=" ">
    <subfield code="b">BENT</subfield>
    <subfield code="p">2745002-3730</subfield>
    <subfield code="z">v.30:no.4(2009:Nov. 04)</subfield>
  </datafield>
  <datafield tag="955" ind1=" " ind2=" ">
    <subfield code="b">BENT</subfield>
    <subfield code="p">2745002-3740</subfield>
    <subfield code="z">v.30:no.5(2009:Nov. 11)</subfield>
  </datafield>
  <datafield tag="955" ind1=" " ind2=" ">
    <subfield code="b">BENT</subfield>
    <subfield code="p">2745002-3750</subfield>
    <subfield code="z">v.30:no.6(2009:Nov. 18)</subfield>
  </datafield>
  <datafield tag="955" ind1=" " ind2=" ">
    <subfield code="b">BENT</subfield>
    <subfield code="p">2745002-3760</subfield>
    <subfield code="z">v.30:no.7(2009:Nov. 25)</subfield>
  </datafield>
  <datafield tag="955" ind1=" " ind2=" ">
    <subfield code="b">BENT</subfield>
    <subfield code="p">2745002-3770</subfield>
    <subfield code="z">v.30:no.8(2009:Dec. 02)</subfield>
  </datafield>
  <datafield tag="955" ind1=" " ind2=" ">
    <subfield code="b">BENT</subfield>
    <subfield code="p">2745002-3780</subfield>
    <subfield code="z">v.30:no.9(2009:Dec. 09)</subfield>
  </datafield>
  <datafield tag="955" ind1=" " ind2=" ">
    <subfield code="b">BENT</subfield>
    <subfield code="p">2745002-3790</subfield>
    <subfield code="z">v.30:no.10(2009:Dec. 16)</subfield>
  </datafield>
  <datafield tag="955" ind1=" " ind2=" ">
    <subfield code="b">BENT</subfield>
    <subfield code="p">2745002-3800</subfield>
    <subfield code="z">v.30:no.11(2009:Dec. 23)</subfield>
  </datafield>
  <datafield tag="955" ind1=" " ind2=" ">
    <subfield code="b">BENT</subfield>
    <subfield code="p">2745002-3810</subfield>
    <subfield code="z">v.30:no.12(2009:Dec. 30)</subfield>
  </datafield>
  <datafield tag="955" ind1=" " ind2=" ">
    <subfield code="b">BENT</subfield>
    <subfield code="p">2745002-3820</subfield>
    <subfield code="z">v.30:no.13(2010:Jan. 06)</subfield>
  </datafield>
  <datafield tag="955" ind1=" " ind2=" ">
    <subfield code="b">BENT</subfield>
    <subfield code="p">2745002-3830</subfield>
    <subfield code="z">v.30:no.14(2010:Jan. 13)</subfield>
  </datafield>
  <datafield tag="955" ind1=" " ind2=" ">
    <subfield code="b">BENT</subfield>
    <subfield code="p">2745002-3840</subfield>
    <subfield code="z">v.30:no.15(2010:Jan. 20)</subfield>
  </datafield>
  <datafield tag="955" ind1=" " ind2=" ">
    <subfield code="b">BENT</subfield>
    <subfield code="p">2745002-3850</subfield>
    <subfield code="z">v.30:no.16(2010:Jan. 27)</subfield>
  </datafield>
  <datafield tag="955" ind1=" " ind2=" ">
    <subfield code="b">BENT</subfield>
    <subfield code="p">2745002-3860</subfield>
    <subfield code="z">v.30:no.17(2010:Feb. 03)</subfield>
  </datafield>
  <datafield tag="955" ind1=" " ind2=" ">
    <subfield code="b">BENT</subfield>
    <subfield code="p">2745002-3870</subfield>
    <subfield code="z">v.30:no.18(2010:Feb. 10)</subfield>
  </datafield>
  <datafield tag="955" ind1=" " ind2=" ">
    <subfield code="b">BENT</subfield>
    <subfield code="p">2745002-3880</subfield>
    <subfield code="z">v.30:no.19(2010:Feb. 17)</subfield>
  </datafield>
  <datafield tag="955" ind1=" " ind2=" ">
    <subfield code="b">BENT</subfield>
    <subfield code="p">2745002-3890</subfield>
    <subfield code="z">v.30:no.20(2010:Feb. 24)</subfield>
  </datafield>
  <datafield tag="955" ind1=" " ind2=" ">
    <subfield code="b">BENT</subfield>
    <subfield code="p">2745002-3900</subfield>
    <subfield code="z">v.30:no.21(2010:Mar. 03)</subfield>
  </datafield>
  <datafield tag="955" ind1=" " ind2=" ">
    <subfield code="b">BENT</subfield>
    <subfield code="p">2745002-3910</subfield>
    <subfield code="z">v.30:no.22(2010:Mar. 10)</subfield>
  </datafield>
  <datafield tag="955" ind1=" " ind2=" ">
    <subfield code="b">BENT</subfield>
    <subfield code="p">2745002-3920</subfield>
    <subfield code="z">v.30:no.23(2010:Mar. 17)</subfield>
  </datafield>
  <datafield tag="955" ind1=" " ind2=" ">
    <subfield code="b">BENT</subfield>
    <subfield code="p">2745002-3930</subfield>
    <subfield code="z">v.30:no.24(2010:Mar. 24)</subfield>
  </datafield>
  <datafield tag="955" ind1=" " ind2=" ">
    <subfield code="b">BENT</subfield>
    <subfield code="p">2745002-3940</subfield>
    <subfield code="z">v.30:no.25(2010:Mar. 31)</subfield>
  </datafield>
  <datafield tag="955" ind1=" " ind2=" ">
    <subfield code="b">BENT</subfield>
    <subfield code="p">2745002-3950</subfield>
    <subfield code="z">v.30:no.26(2010:April 07)</subfield>
  </datafield>
  <datafield tag="955" ind1=" " ind2=" ">
    <subfield code="b">BENT</subfield>
    <subfield code="p">2745002-3960</subfield>
    <subfield code="z">v.30:no.27(2010:April 14)</subfield>
  </datafield>
  <datafield tag="955" ind1=" " ind2=" ">
    <subfield code="b">BENT</subfield>
    <subfield code="p">2745002-3970</subfield>
    <subfield code="z">v.30:no.28(2010:April 21)</subfield>
  </datafield>
  <datafield tag="955" ind1=" " ind2=" ">
    <subfield code="b">BENT</subfield>
    <subfield code="p">2745002-3980</subfield>
    <subfield code="z">v.30:no.29(2010:April 28)</subfield>
  </datafield>
  <datafield tag="955" ind1=" " ind2=" ">
    <subfield code="b">BENT</subfield>
    <subfield code="p">2745002-3990</subfield>
    <subfield code="z">v.30:no.30(2010:May 05)</subfield>
  </datafield>
  <datafield tag="955" ind1=" " ind2=" ">
    <subfield code="b">BENT</subfield>
    <subfield code="p">2745002-4000</subfield>
    <subfield code="z">v.30:no.31(2010:May 12)</subfield>
  </datafield>
  <datafield tag="955" ind1=" " ind2=" ">
    <subfield code="b">BENT</subfield>
    <subfield code="p">2745002-4010</subfield>
    <subfield code="z">v.30:no.32(2010:May 19)</subfield>
  </datafield>
  <datafield tag="955" ind1=" " ind2=" ">
    <subfield code="b">BENT</subfield>
    <subfield code="p">2745002-4020</subfield>
    <subfield code="z">v.30:no.33(2010:May 26)</subfield>
  </datafield>
  <datafield tag="955" ind1=" " ind2=" ">
    <subfield code="b">BENT</subfield>
    <subfield code="p">2745002-4030</subfield>
    <subfield code="z">v.30:no.34(2010:Jun. 02)</subfield>
  </datafield>
  <datafield tag="955" ind1=" " ind2=" ">
    <subfield code="b">BENT</subfield>
    <subfield code="p">2745002-4040</subfield>
    <subfield code="z">v.30:no.35(2010:Jun. 09)</subfield>
  </datafield>
  <datafield tag="955" ind1=" " ind2=" ">
    <subfield code="b">BENT</subfield>
    <subfield code="p">2745002-4050</subfield>
    <subfield code="z">v.30:no.36(2010:Jun. 16)</subfield>
  </datafield>
  <datafield tag="955" ind1=" " ind2=" ">
    <subfield code="b">BENT</subfield>
    <subfield code="p">2745002-4060</subfield>
    <subfield code="z">v.30:no.37(2010:Jun. 23)</subfield>
  </datafield>
  <datafield tag="955" ind1=" " ind2=" ">
    <subfield code="b">BENT</subfield>
    <subfield code="p">2745002-4070</subfield>
    <subfield code="z">v.30:no.38(2010:Jun. 30)</subfield>
  </datafield>
  <datafield tag="955" ind1=" " ind2=" ">
    <subfield code="b">BENT</subfield>
    <subfield code="p">2745002-4080</subfield>
    <subfield code="z">v.30:no.39(2010:Jul. 07)</subfield>
  </datafield>
  <datafield tag="955" ind1=" " ind2=" ">
    <subfield code="b">BENT</subfield>
    <subfield code="p">2745002-4090</subfield>
    <subfield code="z">v.30:no.40(2010:Jul. 14)</subfield>
  </datafield>
  <datafield tag="955" ind1=" " ind2=" ">
    <subfield code="b">BENT</subfield>
    <subfield code="p">2745002-4100</subfield>
    <subfield code="z">v.30:no.41(2010:Jul. 21)</subfield>
  </datafield>
  <datafield tag="955" ind1=" " ind2=" ">
    <subfield code="b">BENT</subfield>
    <subfield code="p">2745002-4110</subfield>
    <subfield code="z">v.30:no.42(2010:Jul. 28)</subfield>
  </datafield>
  <datafield tag="955" ind1=" " ind2=" ">
    <subfield code="b">BENT</subfield>
    <subfield code="p">2745002-4120</subfield>
    <subfield code="z">v.30:no.43(2010:Aug. 04)</subfield>
  </datafield>
  <datafield tag="955" ind1=" " ind2=" ">
    <subfield code="b">BENT</subfield>
    <subfield code="p">2745002-4130</subfield>
    <subfield code="z">v.30:no.44(2010:Aug. 11)</subfield>
  </datafield>
  <datafield tag="955" ind1=" " ind2=" ">
    <subfield code="b">BENT</subfield>
    <subfield code="p">2745002-4140</subfield>
    <subfield code="z">v.30:no.45(2010:Aug. 18)</subfield>
  </datafield>
  <datafield tag="955" ind1=" " ind2=" ">
    <subfield code="b">BENT</subfield>
    <subfield code="p">2745002-4150</subfield>
    <subfield code="z">v.30:no.46(2010:Aug. 25)</subfield>
  </datafield>
  <datafield tag="955" ind1=" " ind2=" ">
    <subfield code="b">BENT</subfield>
    <subfield code="p">2745002-4160</subfield>
    <subfield code="z">v.30:no.47(2010:Sep. 01)</subfield>
  </datafield>
  <datafield tag="955" ind1=" " ind2=" ">
    <subfield code="b">BENT</subfield>
    <subfield code="p">2745002-4170</subfield>
    <subfield code="z">v.30:no.48(2010:Sep. 08)</subfield>
  </datafield>
  <datafield tag="955" ind1=" " ind2=" ">
    <subfield code="b">BENT</subfield>
    <subfield code="p">2745002-4180</subfield>
    <subfield code="z">v.30:no.49(2010:Sep. 15)</subfield>
  </datafield>
  <datafield tag="955" ind1=" " ind2=" ">
    <subfield code="b">BENT</subfield>
    <subfield code="p">2745002-4190</subfield>
    <subfield code="z">v.30:no.50(2010:Sep. 22)</subfield>
  </datafield>
  <datafield tag="955" ind1=" " ind2=" ">
    <subfield code="b">BENT</subfield>
    <subfield code="p">2745002-4200</subfield>
    <subfield code="z">v.30:no.51(2010:Sep. 29)</subfield>
  </datafield>
  <datafield tag="955" ind1=" " ind2=" ">
    <subfield code="b">BENT</subfield>
    <subfield code="p">2745002-4210</subfield>
    <subfield code="z">v.30:no.52(2010:Oct. 06)</subfield>
  </datafield>
  <datafield tag="955" ind1=" " ind2=" ">
    <subfield code="b">BENT</subfield>
    <subfield code="p">2745002-4270</subfield>
    <subfield code="z">v.31:no.1(2010:Oct. 13)</subfield>
  </datafield>
  <datafield tag="955" ind1=" " ind2=" ">
    <subfield code="b">BENT</subfield>
    <subfield code="p">2745002-4280</subfield>
    <subfield code="z">v.31:no.2(2010:Oct. 20)</subfield>
  </datafield>
  <datafield tag="955" ind1=" " ind2=" ">
    <subfield code="b">BENT</subfield>
    <subfield code="p">2745002-4290</subfield>
    <subfield code="z">v.31:no.3(2010:Oct. 27)</subfield>
  </datafield>
  <datafield tag="955" ind1=" " ind2=" ">
    <subfield code="b">BENT</subfield>
    <subfield code="p">2745002-4300</subfield>
    <subfield code="z">v.31:no.4(2010:Nov. 03)</subfield>
  </datafield>
  <datafield tag="955" ind1=" " ind2=" ">
    <subfield code="b">BENT</subfield>
    <subfield code="p">2745002-4310</subfield>
    <subfield code="z">v.31:no.5(2010:Nov. 10)</subfield>
  </datafield>
  <datafield tag="955" ind1=" " ind2=" ">
    <subfield code="b">BENT</subfield>
    <subfield code="p">2745002-4320</subfield>
    <subfield code="z">v.31:no.6(2010:Nov. 17)</subfield>
  </datafield>
  <datafield tag="955" ind1=" " ind2=" ">
    <subfield code="b">BENT</subfield>
    <subfield code="p">2745002-4330</subfield>
    <subfield code="z">v.31:no.7(2010:Nov. 24)</subfield>
  </datafield>
  <datafield tag="955" ind1=" " ind2=" ">
    <subfield code="b">BENT</subfield>
    <subfield code="p">2745002-4340</subfield>
    <subfield code="z">v.31:no.8(2010:Dec. 01)</subfield>
  </datafield>
  <datafield tag="955" ind1=" " ind2=" ">
    <subfield code="b">BENT</subfield>
    <subfield code="p">2745002-4350</subfield>
    <subfield code="z">v.31:no.9(2010:Dec. 08)</subfield>
  </datafield>
  <datafield tag="955" ind1=" " ind2=" ">
    <subfield code="b">BENT</subfield>
    <subfield code="p">2745002-4360</subfield>
    <subfield code="z">v.31:no.10(2010:Dec. 15)</subfield>
  </datafield>
  <datafield tag="955" ind1=" " ind2=" ">
    <subfield code="b">BENT</subfield>
    <subfield code="p">2745002-4370</subfield>
    <subfield code="z">v.31:no.11(2010:Dec. 22)</subfield>
  </datafield>
  <datafield tag="955" ind1=" " ind2=" ">
    <subfield code="b">BENT</subfield>
    <subfield code="p">2745002-4380</subfield>
    <subfield code="z">v.31:no.12(2010:Dec. 29/2011:Jan.4)</subfield>
  </datafield>
  <datafield tag="955" ind1=" " ind2=" ">
    <subfield code="b">BENT</subfield>
    <subfield code="p">2745002-4400</subfield>
    <subfield code="z">v.31:no.13(2011:Jan. 5)</subfield>
  </datafield>
  <datafield tag="955" ind1=" " ind2=" ">
    <subfield code="b">BENT</subfield>
    <subfield code="p">2745002-4410</subfield>
    <subfield code="z">v.31:no.15(2011:Jan. 19)</subfield>
  </datafield>
  <datafield tag="955" ind1=" " ind2=" ">
    <subfield code="b">BENT</subfield>
    <subfield code="p">2745002-4420</subfield>
    <subfield code="z">v.31:no.16(2011:Jan. 26)</subfield>
  </datafield>
  <datafield tag="955" ind1=" " ind2=" ">
    <subfield code="b">BENT</subfield>
    <subfield code="p">2745002-4430</subfield>
    <subfield code="z">v.31:no.17(2011:Feb. 02)</subfield>
  </datafield>
  <datafield tag="955" ind1=" " ind2=" ">
    <subfield code="b">BENT</subfield>
    <subfield code="p">2745002-4440</subfield>
    <subfield code="z">v.31:no.18(2011:Feb. 09)</subfield>
  </datafield>
  <datafield tag="955" ind1=" " ind2=" ">
    <subfield code="b">BENT</subfield>
    <subfield code="p">2745002-4450</subfield>
    <subfield code="z">v.31:no.19(2011:Feb. 16)</subfield>
  </datafield>
  <datafield tag="955" ind1=" " ind2=" ">
    <subfield code="b">BENT</subfield>
    <subfield code="p">2745002-4460</subfield>
    <subfield code="z">v.31:no.20(2011:Feb. 23)</subfield>
  </datafield>
  <datafield tag="955" ind1=" " ind2=" ">
    <subfield code="b">BENT</subfield>
    <subfield code="p">2745002-4470</subfield>
    <subfield code="z">v.31:no.21(2011:Mar. 02)</subfield>
  </datafield>
  <datafield tag="955" ind1=" " ind2=" ">
    <subfield code="b">BENT</subfield>
    <subfield code="p">2745002-4480</subfield>
    <subfield code="z">v.31:no.22(2011:Mar. 09)</subfield>
  </datafield>
  <datafield tag="955" ind1=" " ind2=" ">
    <subfield code="b">BENT</subfield>
    <subfield code="p">2745002-4490</subfield>
    <subfield code="z">v.31:no.23(2011:Mar. 16)</subfield>
  </datafield>
  <datafield tag="955" ind1=" " ind2=" ">
    <subfield code="b">BENT</subfield>
    <subfield code="p">2745002-4500</subfield>
    <subfield code="z">v.31:no.24(2011:Mar. 23)</subfield>
  </datafield>
  <datafield tag="955" ind1=" " ind2=" ">
    <subfield code="b">BENT</subfield>
    <subfield code="p">2745002-4510</subfield>
    <subfield code="z">v.31:no.25(2011:Mar. 30)</subfield>
  </datafield>
  <datafield tag="955" ind1=" " ind2=" ">
    <subfield code="b">BENT</subfield>
    <subfield code="p">2745002-4520</subfield>
    <subfield code="z">v.31:no.26(2011:April 06)</subfield>
  </datafield>
  <datafield tag="955" ind1=" " ind2=" ">
    <subfield code="b">BENT</subfield>
    <subfield code="p">2745002-4530</subfield>
    <subfield code="z">v.31:no.27(2011:April 13)</subfield>
  </datafield>
  <datafield tag="955" ind1=" " ind2=" ">
    <subfield code="b">BENT</subfield>
    <subfield code="p">2745002-4540</subfield>
    <subfield code="z">v.31:no.28(2011:April 20)</subfield>
  </datafield>
  <datafield tag="955" ind1=" " ind2=" ">
    <subfield code="b">BENT</subfield>
    <subfield code="p">2745002-4550</subfield>
    <subfield code="z">v.31:no.29(2011:April 27)/v.31:no.30(2011:May 3)</subfield>
  </datafield>
  <datafield tag="955" ind1=" " ind2=" ">
    <subfield code="b">BENT</subfield>
    <subfield code="p">2745002-4560</subfield>
    <subfield code="z">v.31:no.30(2011:May 04)</subfield>
  </datafield>
  <datafield tag="955" ind1=" " ind2=" ">
    <subfield code="b">BENT</subfield>
    <subfield code="p">2745002-4570</subfield>
    <subfield code="z">v.31:no.31(2011:May 11)</subfield>
  </datafield>
  <datafield tag="955" ind1=" " ind2=" ">
    <subfield code="b">BENT</subfield>
    <subfield code="p">2745002-4580</subfield>
    <subfield code="z">v.31:no.32(2011:May 18)</subfield>
  </datafield>
  <datafield tag="955" ind1=" " ind2=" ">
    <subfield code="b">BENT</subfield>
    <subfield code="p">2745002-4590</subfield>
    <subfield code="z">v.31:no.33(2011:May 25)</subfield>
  </datafield>
  <datafield tag="955" ind1=" " ind2=" ">
    <subfield code="b">BENT</subfield>
    <subfield code="p">2745002-4600</subfield>
    <subfield code="z">v.31:no.34(2011:Jun. 01)</subfield>
  </datafield>
  <datafield tag="955" ind1=" " ind2=" ">
    <subfield code="b">BENT</subfield>
    <subfield code="p">2745002-4610</subfield>
    <subfield code="z">v.31:no.35(2011:Jun. 08)</subfield>
  </datafield>
  <datafield tag="955" ind1=" " ind2=" ">
    <subfield code="b">BENT</subfield>
    <subfield code="p">2745002-4620</subfield>
    <subfield code="z">v.31:no.36(2011:Jun. 15)</subfield>
  </datafield>
  <datafield tag="955" ind1=" " ind2=" ">
    <subfield code="b">BENT</subfield>
    <subfield code="p">2745002-4630</subfield>
    <subfield code="z">v.31:no.37(2011:Jun. 22)</subfield>
  </datafield>
  <datafield tag="955" ind1=" " ind2=" ">
    <subfield code="b">BENT</subfield>
    <subfield code="p">2745002-4640</subfield>
    <subfield code="z">v.31:no.38(2011:Jun. 29)</subfield>
  </datafield>
  <datafield tag="955" ind1=" " ind2=" ">
    <subfield code="b">BENT</subfield>
    <subfield code="p">2745002-4650</subfield>
    <subfield code="z">v.31:no.39(2011:Jul. 06)</subfield>
  </datafield>
  <datafield tag="955" ind1=" " ind2=" ">
    <subfield code="b">BENT</subfield>
    <subfield code="p">2745002-4660</subfield>
    <subfield code="z">v.31:no.40(2011:Jul. 13)</subfield>
  </datafield>
  <datafield tag="955" ind1=" " ind2=" ">
    <subfield code="b">BENT</subfield>
    <subfield code="p">2745002-4670</subfield>
    <subfield code="z">v.31:no.41(2011:Jul. 20)</subfield>
  </datafield>
  <datafield tag="955" ind1=" " ind2=" ">
    <subfield code="b">BENT</subfield>
    <subfield code="p">2745002-4680</subfield>
    <subfield code="z">v.31:no.42(2011:Jul. 27)</subfield>
  </datafield>
  <datafield tag="955" ind1=" " ind2=" ">
    <subfield code="b">BENT</subfield>
    <subfield code="p">2745002-4690</subfield>
    <subfield code="z">v.31:no.43(2011:Aug. 03)</subfield>
  </datafield>
  <datafield tag="955" ind1=" " ind2=" ">
    <subfield code="b">BENT</subfield>
    <subfield code="p">2745002-4700</subfield>
    <subfield code="z">v.31:no.44(2011:Aug. 10)</subfield>
  </datafield>
  <datafield tag="955" ind1=" " ind2=" ">
    <subfield code="b">BENT</subfield>
    <subfield code="p">2745002-4730</subfield>
    <subfield code="z">v.31:no.47(2011:Aug. 31)</subfield>
  </datafield>
  <datafield tag="955" ind1=" " ind2=" ">
    <subfield code="b">BENT</subfield>
    <subfield code="p">2745002-4740</subfield>
    <subfield code="z">v.31:no.48(2011:Sep. 07)</subfield>
  </datafield>
  <datafield tag="955" ind1=" " ind2=" ">
    <subfield code="b">BENT</subfield>
    <subfield code="p">2745002-4750</subfield>
    <subfield code="z">v.31:no.49(2011:Sep. 14)</subfield>
  </datafield>
  <datafield tag="955" ind1=" " ind2=" ">
    <subfield code="b">BENT</subfield>
    <subfield code="p">2745002-4760</subfield>
    <subfield code="z">v.31:no.50(2011:Sep. 21)</subfield>
  </datafield>
  <datafield tag="955" ind1=" " ind2=" ">
    <subfield code="b">BENT</subfield>
    <subfield code="p">2745002-4770</subfield>
    <subfield code="z">v.31:no.51(2011:Sep. 28)</subfield>
  </datafield>
  <datafield tag="955" ind1=" " ind2=" ">
    <subfield code="b">BENT</subfield>
    <subfield code="p">2745002-4780</subfield>
    <subfield code="z">v.31:no.52(2011:Oct. 05)</subfield>
  </datafield>
  <datafield tag="955" ind1=" " ind2=" ">
    <subfield code="b">BENT</subfield>
    <subfield code="p">2745002-4800</subfield>
    <subfield code="z">v.32:no.1(2011:Oct. 12)</subfield>
  </datafield>
  <datafield tag="955" ind1=" " ind2=" ">
    <subfield code="b">BENT</subfield>
    <subfield code="p">2745002-4810</subfield>
    <subfield code="z">v.32:no.2(2011:Oct. 19)</subfield>
  </datafield>
  <datafield tag="955" ind1=" " ind2=" ">
    <subfield code="b">BENT</subfield>
    <subfield code="p">2745002-4820</subfield>
    <subfield code="z">v.32:no.3(2011:Oct. 26)</subfield>
  </datafield>
  <datafield tag="955" ind1=" " ind2=" ">
    <subfield code="b">BENT</subfield>
    <subfield code="p">2745002-4830</subfield>
    <subfield code="z">v.32:no.4(2011:Nov. 02)</subfield>
  </datafield>
  <datafield tag="955" ind1=" " ind2=" ">
    <subfield code="b">BENT</subfield>
    <subfield code="p">2745002-4840</subfield>
    <subfield code="z">v.32:no.5(2011:Nov. 09)</subfield>
  </datafield>
  <datafield tag="955" ind1=" " ind2=" ">
    <subfield code="b">BENT</subfield>
    <subfield code="p">2745002-4850</subfield>
    <subfield code="z">v.32:no.6(2011:Nov. 16)</subfield>
  </datafield>
  <datafield tag="955" ind1=" " ind2=" ">
    <subfield code="b">BENT</subfield>
    <subfield code="p">2745002-4860</subfield>
    <subfield code="z">v.32:no.7(2011:Nov. 23)</subfield>
  </datafield>
  <datafield tag="955" ind1=" " ind2=" ">
    <subfield code="b">BENT</subfield>
    <subfield code="p">2745002-4870</subfield>
    <subfield code="z">v.32:no.8(2011:Nov. 30)</subfield>
  </datafield>
  <datafield tag="955" ind1=" " ind2=" ">
    <subfield code="b">BENT</subfield>
    <subfield code="p">2745002-4880</subfield>
    <subfield code="z">v.32:no.9(2011:Dec. 07)</subfield>
  </datafield>
  <datafield tag="955" ind1=" " ind2=" ">
    <subfield code="b">BENT</subfield>
    <subfield code="p">2745002-4890</subfield>
    <subfield code="z">v.32:no.10(2011:Dec. 14)</subfield>
  </datafield>
  <datafield tag="955" ind1=" " ind2=" ">
    <subfield code="b">BENT</subfield>
    <subfield code="p">2745002-4900</subfield>
    <subfield code="z">v.32:no.11(2011:Dec. 21)</subfield>
  </datafield>
  <datafield tag="955" ind1=" " ind2=" ">
    <subfield code="b">BENT</subfield>
    <subfield code="p">2745002-4910</subfield>
    <subfield code="z">v.32:no.12(2011:Dec. 28)</subfield>
  </datafield>
  <datafield tag="955" ind1=" " ind2=" ">
    <subfield code="b">BENT</subfield>
    <subfield code="p">2745002-4920</subfield>
    <subfield code="z">v.32:no.13(2012:Jan. 04)</subfield>
  </datafield>
  <datafield tag="955" ind1=" " ind2=" ">
    <subfield code="b">BENT</subfield>
    <subfield code="p">2745002-4930</subfield>
    <subfield code="z">v.32:no.14(2012:Jan. 11)</subfield>
  </datafield>
  <datafield tag="955" ind1=" " ind2=" ">
    <subfield code="b">BENT</subfield>
    <subfield code="p">2745002-4940</subfield>
    <subfield code="z">v.32:no.15(2012:Jan. 18)</subfield>
  </datafield>
  <datafield tag="955" ind1=" " ind2=" ">
    <subfield code="b">BENT</subfield>
    <subfield code="p">2745002-4950</subfield>
    <subfield code="z">v.32:no.16(2012:Jan. 25)</subfield>
  </datafield>
  <datafield tag="955" ind1=" " ind2=" ">
    <subfield code="b">BENT</subfield>
    <subfield code="p">2745002-4960</subfield>
    <subfield code="z">v.32:no.17(2012:Feb. 01)</subfield>
  </datafield>
  <datafield tag="955" ind1=" " ind2=" ">
    <subfield code="b">BENT</subfield>
    <subfield code="p">2745002-4970</subfield>
    <subfield code="z">v.32:no.18(2012:Feb. 08)</subfield>
  </datafield>
  <datafield tag="955" ind1=" " ind2=" ">
    <subfield code="b">BENT</subfield>
    <subfield code="p">2745002-4980</subfield>
    <subfield code="z">v.32:no.19(2012:Feb. 15)</subfield>
  </datafield>
  <datafield tag="955" ind1=" " ind2=" ">
    <subfield code="b">BENT</subfield>
    <subfield code="p">2745002-4990</subfield>
    <subfield code="z">v.32:no.20(2012:Feb. 22)</subfield>
  </datafield>
  <datafield tag="955" ind1=" " ind2=" ">
    <subfield code="b">BENT</subfield>
    <subfield code="p">2745002-5000</subfield>
    <subfield code="z">v.32:no.21(2012:Feb. 29)</subfield>
  </datafield>
  <datafield tag="955" ind1=" " ind2=" ">
    <subfield code="b">BENT</subfield>
    <subfield code="p">2745002-5010</subfield>
    <subfield code="z">v.32:no.22(2012:Mar. 07)</subfield>
  </datafield>
  <datafield tag="955" ind1=" " ind2=" ">
    <subfield code="b">BENT</subfield>
    <subfield code="p">2745002-5020</subfield>
    <subfield code="z">v.32:no.23(2012:Mar. 14)</subfield>
  </datafield>
  <datafield tag="955" ind1=" " ind2=" ">
    <subfield code="b">BENT</subfield>
    <subfield code="p">2745002-5030</subfield>
    <subfield code="z">v.32:no.24(2012:Mar. 21)</subfield>
  </datafield>
  <datafield tag="955" ind1=" " ind2=" ">
    <subfield code="b">BENT</subfield>
    <subfield code="p">2745002-5040</subfield>
    <subfield code="z">v.32:no.25(2012:Mar. 28)</subfield>
  </datafield>
  <datafield tag="955" ind1=" " ind2=" ">
    <subfield code="b">BENT</subfield>
    <subfield code="p">2745002-5050</subfield>
    <subfield code="z">v.32:no.26(2012:April 04)</subfield>
  </datafield>
  <datafield tag="955" ind1=" " ind2=" ">
    <subfield code="b">BENT</subfield>
    <subfield code="p">2745002-5060</subfield>
    <subfield code="z">v.32:no.27(2012:April 11)</subfield>
  </datafield>
  <datafield tag="955" ind1=" " ind2=" ">
    <subfield code="b">BENT</subfield>
    <subfield code="p">2745002-5070</subfield>
    <subfield code="z">v.32:no.28(2012:April 18)</subfield>
  </datafield>
  <datafield tag="955" ind1=" " ind2=" ">
    <subfield code="b">BENT</subfield>
    <subfield code="p">2745002-5080</subfield>
    <subfield code="z">v.32:no.29(2012:April 25)</subfield>
  </datafield>
  <datafield tag="955" ind1=" " ind2=" ">
    <subfield code="b">BENT</subfield>
    <subfield code="p">2745002-5090</subfield>
    <subfield code="z">v.32:no.30(2012:May 02)</subfield>
  </datafield>
  <datafield tag="955" ind1=" " ind2=" ">
    <subfield code="b">BENT</subfield>
    <subfield code="p">2745002-5100</subfield>
    <subfield code="z">v.32:no.31(2012:May 09)</subfield>
  </datafield>
  <datafield tag="955" ind1=" " ind2=" ">
    <subfield code="b">BENT</subfield>
    <subfield code="p">2745002-5110</subfield>
    <subfield code="z">v.32:no.32(2012:May 16)</subfield>
  </datafield>
  <datafield tag="955" ind1=" " ind2=" ">
    <subfield code="b">BENT</subfield>
    <subfield code="p">2745002-5120</subfield>
    <subfield code="z">v.32:no.33(2012:May 23)</subfield>
  </datafield>
  <datafield tag="955" ind1=" " ind2=" ">
    <subfield code="b">BENT</subfield>
    <subfield code="p">2745002-5130</subfield>
    <subfield code="z">v.32:no.34(2012:May 30)</subfield>
  </datafield>
  <datafield tag="955" ind1=" " ind2=" ">
    <subfield code="b">BENT</subfield>
    <subfield code="p">2745002-5140</subfield>
    <subfield code="z">v.32:no.35(2012:Jun. 06)</subfield>
  </datafield>
  <datafield tag="955" ind1=" " ind2=" ">
    <subfield code="b">BENT</subfield>
    <subfield code="p">2745002-5150</subfield>
    <subfield code="z">v.32:no.36(2012:Jun. 13)</subfield>
  </datafield>
  <datafield tag="955" ind1=" " ind2=" ">
    <subfield code="b">BENT</subfield>
    <subfield code="p">2745002-5160</subfield>
    <subfield code="z">v.32:no.37(2012:Jun. 20)</subfield>
  </datafield>
  <datafield tag="955" ind1=" " ind2=" ">
    <subfield code="b">BENT</subfield>
    <subfield code="p">2745002-5170</subfield>
    <subfield code="z">v.32:no.38(2012:Jun. 27)</subfield>
  </datafield>
  <datafield tag="955" ind1=" " ind2=" ">
    <subfield code="b">BENT</subfield>
    <subfield code="p">2745002-5180</subfield>
    <subfield code="z">v.32:no.39(2012:Jul. 04)</subfield>
  </datafield>
  <datafield tag="955" ind1=" " ind2=" ">
    <subfield code="b">BENT</subfield>
    <subfield code="p">2745002-5190</subfield>
    <subfield code="z">v.32:no.40(2012:Jul. 11)</subfield>
  </datafield>
  <datafield tag="955" ind1=" " ind2=" ">
    <subfield code="b">BENT</subfield>
    <subfield code="p">2745002-5200</subfield>
    <subfield code="z">v.32:no.41(2012:Jul. 18)</subfield>
  </datafield>
  <datafield tag="955" ind1=" " ind2=" ">
    <subfield code="b">BENT</subfield>
    <subfield code="p">2745002-5210</subfield>
    <subfield code="z">v.32:no.42(2012:Jul. 25)</subfield>
  </datafield>
  <datafield tag="955" ind1=" " ind2=" ">
    <subfield code="b">BENT</subfield>
    <subfield code="p">2745002-5220</subfield>
    <subfield code="z">v.32:no.43(2012:Aug. 01)</subfield>
  </datafield>
  <datafield tag="955" ind1=" " ind2=" ">
    <subfield code="b">BENT</subfield>
    <subfield code="p">2745002-5230</subfield>
    <subfield code="z">v.32:no.44(2012:Aug. 08)</subfield>
  </datafield>
  <datafield tag="955" ind1=" " ind2=" ">
    <subfield code="b">BENT</subfield>
    <subfield code="p">2745002-5240</subfield>
    <subfield code="z">v.32:no.45(2012:Aug. 15)</subfield>
  </datafield>
  <datafield tag="955" ind1=" " ind2=" ">
    <subfield code="b">BENT</subfield>
    <subfield code="p">2745002-5250</subfield>
    <subfield code="z">v.32:no.46(2012:Aug. 22)</subfield>
  </datafield>
  <datafield tag="955" ind1=" " ind2=" ">
    <subfield code="b">BENT</subfield>
    <subfield code="p">2745002-5260</subfield>
    <subfield code="z">v.32:no.47(2012:Aug. 29)</subfield>
  </datafield>
  <datafield tag="955" ind1=" " ind2=" ">
    <subfield code="b">BENT</subfield>
    <subfield code="p">2745002-5270</subfield>
    <subfield code="z">v.32:no.48(2012:Sep. 05)</subfield>
  </datafield>
  <datafield tag="955" ind1=" " ind2=" ">
    <subfield code="b">BENT</subfield>
    <subfield code="p">2745002-5280</subfield>
    <subfield code="z">v.32:no.49(2012:Sep. 12)</subfield>
  </datafield>
  <datafield tag="955" ind1=" " ind2=" ">
    <subfield code="b">BENT</subfield>
    <subfield code="p">2745002-5290</subfield>
    <subfield code="z">v.32:no.50(2012:Sep. 19)</subfield>
  </datafield>
  <datafield tag="955" ind1=" " ind2=" ">
    <subfield code="b">BENT</subfield>
    <subfield code="p">2745002-5300</subfield>
    <subfield code="z">v.32:no.51(2012:Sep. 26)</subfield>
  </datafield>
  <datafield tag="955" ind1=" " ind2=" ">
    <subfield code="b">BENT</subfield>
    <subfield code="p">2745002-5310</subfield>
    <subfield code="z">v.32:no.52(2012:Oct. 03)</subfield>
  </datafield>
  <datafield tag="955" ind1=" " ind2=" ">
    <subfield code="b">BENT</subfield>
    <subfield code="p">2745002-5330</subfield>
    <subfield code="z">v.33:no.1(2012:Oct. 17)</subfield>
  </datafield>
  <datafield tag="955" ind1=" " ind2=" ">
    <subfield code="b">BENT</subfield>
    <subfield code="p">2745002-5340</subfield>
    <subfield code="z">v.33:no.2(2012:Oct. 24)</subfield>
  </datafield>
  <datafield tag="955" ind1=" " ind2=" ">
    <subfield code="b">BENT</subfield>
    <subfield code="p">2745002-5350</subfield>
    <subfield code="z">v.33:no.3(2012:Oct. 31)</subfield>
  </datafield>
  <datafield tag="955" ind1=" " ind2=" ">
    <subfield code="b">BENT</subfield>
    <subfield code="p">2745002-5360</subfield>
    <subfield code="z">v.33:no.4(2012:Nov. 07)</subfield>
  </datafield>
  <datafield tag="955" ind1=" " ind2=" ">
    <subfield code="b">BENT</subfield>
    <subfield code="p">2745002-5370</subfield>
    <subfield code="z">v.33:no.5(2012:Nov. 14)</subfield>
  </datafield>
  <datafield tag="955" ind1=" " ind2=" ">
    <subfield code="b">BENT</subfield>
    <subfield code="p">2745002-5380</subfield>
    <subfield code="z">v.33:no.6(2012:Nov. 21)</subfield>
  </datafield>
  <datafield tag="955" ind1=" " ind2=" ">
    <subfield code="b">BENT</subfield>
    <subfield code="p">2745002-5390</subfield>
    <subfield code="z">v.33:no.7(2012:Nov. 28)</subfield>
  </datafield>
  <datafield tag="955" ind1=" " ind2=" ">
    <subfield code="b">BENT</subfield>
    <subfield code="p">2745002-540</subfield>
    <subfield code="z">v.25:no.14(2005:Jan. 05)</subfield>
  </datafield>
  <datafield tag="955" ind1=" " ind2=" ">
    <subfield code="b">BENT</subfield>
    <subfield code="p">2745002-5400</subfield>
    <subfield code="z">v.33:no.8(2012:Dec. 05)</subfield>
  </datafield>
  <datafield tag="955" ind1=" " ind2=" ">
    <subfield code="b">BENT</subfield>
    <subfield code="p">2745002-5410</subfield>
    <subfield code="z">v.33:no.9(2012:Dec. 12)</subfield>
  </datafield>
  <datafield tag="955" ind1=" " ind2=" ">
    <subfield code="b">BENT</subfield>
    <subfield code="p">2745002-5420</subfield>
    <subfield code="z">v.33:no.10(2012:Dec. 19)</subfield>
  </datafield>
  <datafield tag="955" ind1=" " ind2=" ">
    <subfield code="b">BENT</subfield>
    <subfield code="p">2745002-5430</subfield>
    <subfield code="z">v.33:no.11(2012:Dec. 26)</subfield>
  </datafield>
  <datafield tag="955" ind1=" " ind2=" ">
    <subfield code="b">BENT</subfield>
    <subfield code="p">2745002-5440</subfield>
    <subfield code="z">v.33:no.12(2013:Jan. 02)</subfield>
  </datafield>
  <datafield tag="955" ind1=" " ind2=" ">
    <subfield code="b">BENT</subfield>
    <subfield code="p">2745002-5450</subfield>
    <subfield code="z">v.33:no.13(2013:Jan. 09)</subfield>
  </datafield>
  <datafield tag="955" ind1=" " ind2=" ">
    <subfield code="b">BENT</subfield>
    <subfield code="p">2745002-5460</subfield>
    <subfield code="z">v.33:no.14(2013:Jan. 16)</subfield>
  </datafield>
  <datafield tag="955" ind1=" " ind2=" ">
    <subfield code="b">BENT</subfield>
    <subfield code="p">2745002-5470</subfield>
    <subfield code="z">v.33:no.15(2013:Jan. 23)</subfield>
  </datafield>
  <datafield tag="955" ind1=" " ind2=" ">
    <subfield code="b">BENT</subfield>
    <subfield code="p">2745002-5480</subfield>
    <subfield code="z">v.33:no.16(2013:Jan. 30)</subfield>
  </datafield>
  <datafield tag="955" ind1=" " ind2=" ">
    <subfield code="b">BENT</subfield>
    <subfield code="p">2745002-5490</subfield>
    <subfield code="z">v.33:no.17(2013:Feb. 06)</subfield>
  </datafield>
  <datafield tag="955" ind1=" " ind2=" ">
    <subfield code="b">BENT</subfield>
    <subfield code="p">2745002-550</subfield>
    <subfield code="z">v.25:no.15(2005:Jan. 12)</subfield>
  </datafield>
  <datafield tag="955" ind1=" " ind2=" ">
    <subfield code="b">BENT</subfield>
    <subfield code="p">2745002-5500</subfield>
    <subfield code="z">v.33:no.18(2013:Feb. 13)</subfield>
  </datafield>
  <datafield tag="955" ind1=" " ind2=" ">
    <subfield code="b">BENT</subfield>
    <subfield code="p">2745002-5510</subfield>
    <subfield code="z">v.33:no.19(2013:Feb. 20)</subfield>
  </datafield>
  <datafield tag="955" ind1=" " ind2=" ">
    <subfield code="b">BENT</subfield>
    <subfield code="p">2745002-5520</subfield>
    <subfield code="z">v.33:no.20(2013:Feb. 27)</subfield>
  </datafield>
  <datafield tag="955" ind1=" " ind2=" ">
    <subfield code="b">BENT</subfield>
    <subfield code="p">2745002-5530</subfield>
    <subfield code="z">v.33:no.21(2013:Mar. 06)</subfield>
  </datafield>
  <datafield tag="955" ind1=" " ind2=" ">
    <subfield code="b">BENT</subfield>
    <subfield code="p">2745002-5540</subfield>
    <subfield code="z">v.33:no.22(2013:Mar. 13)</subfield>
  </datafield>
  <datafield tag="955" ind1=" " ind2=" ">
    <subfield code="b">BENT</subfield>
    <subfield code="p">2745002-5550</subfield>
    <subfield code="z">v.33:no.23(2013:Mar. 20)</subfield>
  </datafield>
  <datafield tag="955" ind1=" " ind2=" ">
    <subfield code="b">BENT</subfield>
    <subfield code="p">2745002-5560</subfield>
    <subfield code="z">v.33:no.24(2013:Mar. 27)</subfield>
  </datafield>
  <datafield tag="955" ind1=" " ind2=" ">
    <subfield code="b">BENT</subfield>
    <subfield code="p">2745002-5570</subfield>
    <subfield code="z">v.33:no.25(2013:April 03)</subfield>
  </datafield>
  <datafield tag="955" ind1=" " ind2=" ">
    <subfield code="b">BENT</subfield>
    <subfield code="p">2745002-5580</subfield>
    <subfield code="z">v.33:no.26(2013:April 10)</subfield>
  </datafield>
  <datafield tag="955" ind1=" " ind2=" ">
    <subfield code="b">BENT</subfield>
    <subfield code="p">2745002-5590</subfield>
    <subfield code="z">v.33:no.27(2013:April 17)</subfield>
  </datafield>
  <datafield tag="955" ind1=" " ind2=" ">
    <subfield code="b">BENT</subfield>
    <subfield code="p">2745002-560</subfield>
    <subfield code="z">v.25:no.16(2005:Jan. 19)</subfield>
  </datafield>
  <datafield tag="955" ind1=" " ind2=" ">
    <subfield code="b">BENT</subfield>
    <subfield code="p">2745002-5600</subfield>
    <subfield code="z">v.33:no.28(2013:April 24)</subfield>
  </datafield>
  <datafield tag="955" ind1=" " ind2=" ">
    <subfield code="b">BENT</subfield>
    <subfield code="p">2745002-5610</subfield>
    <subfield code="z">v.33:no.29(2013:May 01)</subfield>
  </datafield>
  <datafield tag="955" ind1=" " ind2=" ">
    <subfield code="b">BENT</subfield>
    <subfield code="p">2745002-5620</subfield>
    <subfield code="z">v.33:no.30(2013:May 08)</subfield>
  </datafield>
  <datafield tag="955" ind1=" " ind2=" ">
    <subfield code="b">BENT</subfield>
    <subfield code="p">2745002-5630</subfield>
    <subfield code="z">v.33:no.31(2013:May 15)</subfield>
  </datafield>
  <datafield tag="955" ind1=" " ind2=" ">
    <subfield code="b">BENT</subfield>
    <subfield code="p">2745002-5640</subfield>
    <subfield code="z">v.33:no.32(2013:May 22)</subfield>
  </datafield>
  <datafield tag="955" ind1=" " ind2=" ">
    <subfield code="b">BENT</subfield>
    <subfield code="p">2745002-5650</subfield>
    <subfield code="z">v.33:no.33(2013:May 29)</subfield>
  </datafield>
  <datafield tag="955" ind1=" " ind2=" ">
    <subfield code="b">BENT</subfield>
    <subfield code="p">2745002-5660</subfield>
    <subfield code="z">v.33:no.34(2013:Jun. 05)</subfield>
  </datafield>
  <datafield tag="955" ind1=" " ind2=" ">
    <subfield code="b">BENT</subfield>
    <subfield code="p">2745002-5670</subfield>
    <subfield code="z">v.33:no.35(2013:Jun. 12)</subfield>
  </datafield>
  <datafield tag="955" ind1=" " ind2=" ">
    <subfield code="b">BENT</subfield>
    <subfield code="p">2745002-5680</subfield>
    <subfield code="z">v.33:no.36(2013:Jun. 19)</subfield>
  </datafield>
  <datafield tag="955" ind1=" " ind2=" ">
    <subfield code="b">BENT</subfield>
    <subfield code="p">2745002-5690</subfield>
    <subfield code="z">v.33:no.37(2013:Jun. 26)</subfield>
  </datafield>
  <datafield tag="955" ind1=" " ind2=" ">
    <subfield code="b">BENT</subfield>
    <subfield code="p">2745002-570</subfield>
    <subfield code="z">v.25:no.17(2005:Jan. 26)</subfield>
  </datafield>
  <datafield tag="955" ind1=" " ind2=" ">
    <subfield code="b">BENT</subfield>
    <subfield code="p">2745002-5700</subfield>
    <subfield code="z">v.33:no.38(2013:Jul. 03)</subfield>
  </datafield>
  <datafield tag="955" ind1=" " ind2=" ">
    <subfield code="b">BENT</subfield>
    <subfield code="p">2745002-5710</subfield>
    <subfield code="z">v.33:no.39(2013:Jul. 10)</subfield>
  </datafield>
  <datafield tag="955" ind1=" " ind2=" ">
    <subfield code="b">BENT</subfield>
    <subfield code="p">2745002-5720</subfield>
    <subfield code="z">v.33:no.40(2013:Jul. 17)</subfield>
  </datafield>
  <datafield tag="955" ind1=" " ind2=" ">
    <subfield code="b">BENT</subfield>
    <subfield code="p">2745002-5730</subfield>
    <subfield code="z">v.33:no.41(2013:Jul. 24)</subfield>
  </datafield>
  <datafield tag="955" ind1=" " ind2=" ">
    <subfield code="b">BENT</subfield>
    <subfield code="p">2745002-5740</subfield>
    <subfield code="z">v.33:no.42(2013:Jul. 31)</subfield>
  </datafield>
  <datafield tag="955" ind1=" " ind2=" ">
    <subfield code="b">BENT</subfield>
    <subfield code="p">2745002-5750</subfield>
    <subfield code="z">v.33:no.43(2013:Aug. 07)</subfield>
  </datafield>
  <datafield tag="955" ind1=" " ind2=" ">
    <subfield code="b">BENT</subfield>
    <subfield code="p">2745002-5760</subfield>
    <subfield code="z">v.33:no.44(2013:Aug. 14)</subfield>
  </datafield>
  <datafield tag="955" ind1=" " ind2=" ">
    <subfield code="b">BENT</subfield>
    <subfield code="p">2745002-5770</subfield>
    <subfield code="z">v.33:no.45(2013:Aug. 21)</subfield>
  </datafield>
  <datafield tag="955" ind1=" " ind2=" ">
    <subfield code="b">BENT</subfield>
    <subfield code="p">2745002-5780</subfield>
    <subfield code="z">v.33:no.46(2013:Aug. 28)</subfield>
  </datafield>
  <datafield tag="955" ind1=" " ind2=" ">
    <subfield code="b">BENT</subfield>
    <subfield code="p">2745002-5790</subfield>
    <subfield code="z">v.33:no.47(2013:Sep. 04)</subfield>
  </datafield>
  <datafield tag="955" ind1=" " ind2=" ">
    <subfield code="b">BENT</subfield>
    <subfield code="p">2745002-580</subfield>
    <subfield code="z">v.25:no.18(2005:Feb. 02)</subfield>
  </datafield>
  <datafield tag="955" ind1=" " ind2=" ">
    <subfield code="b">BENT</subfield>
    <subfield code="p">2745002-5800</subfield>
    <subfield code="z">v.33:no.48(2013:Sep. 11)</subfield>
  </datafield>
  <datafield tag="955" ind1=" " ind2=" ">
    <subfield code="b">BENT</subfield>
    <subfield code="p">2745002-5810</subfield>
    <subfield code="z">v.33:no.49(2013:Sep. 18)</subfield>
  </datafield>
  <datafield tag="955" ind1=" " ind2=" ">
    <subfield code="b">BENT</subfield>
    <subfield code="p">2745002-5820</subfield>
    <subfield code="z">v.33:no.50(2013:Sep. 25)</subfield>
  </datafield>
  <datafield tag="955" ind1=" " ind2=" ">
    <subfield code="b">BENT</subfield>
    <subfield code="p">2745002-5830</subfield>
    <subfield code="z">v.33:no.51(2013:Oct. 02)</subfield>
  </datafield>
  <datafield tag="955" ind1=" " ind2=" ">
    <subfield code="b">BENT</subfield>
    <subfield code="p">2745002-5840</subfield>
    <subfield code="z">v.33:no.52(2013:Oct. 09)</subfield>
  </datafield>
  <datafield tag="955" ind1=" " ind2=" ">
    <subfield code="b">BENT</subfield>
    <subfield code="p">2745002-5850</subfield>
    <subfield code="z">v.34:no.1(2013:Oct. 16)</subfield>
  </datafield>
  <datafield tag="955" ind1=" " ind2=" ">
    <subfield code="b">BENT</subfield>
    <subfield code="p">2745002-5860</subfield>
    <subfield code="z">v.34:no.2(2013:Oct. 23)</subfield>
  </datafield>
  <datafield tag="955" ind1=" " ind2=" ">
    <subfield code="b">BENT</subfield>
    <subfield code="p">2745002-5870</subfield>
    <subfield code="z">v.34:no.3(2013:Oct. 30)</subfield>
  </datafield>
  <datafield tag="955" ind1=" " ind2=" ">
    <subfield code="b">BENT</subfield>
    <subfield code="p">2745002-5880</subfield>
    <subfield code="z">v.34:no.4(2013:Nov. 06)</subfield>
  </datafield>
  <datafield tag="955" ind1=" " ind2=" ">
    <subfield code="b">BENT</subfield>
    <subfield code="p">2745002-5890</subfield>
    <subfield code="z">v.34:no.5(2013:Nov. 13)</subfield>
  </datafield>
  <datafield tag="955" ind1=" " ind2=" ">
    <subfield code="b">BENT</subfield>
    <subfield code="p">2745002-590</subfield>
    <subfield code="z">v.25:no.19(2005:Feb. 09)</subfield>
  </datafield>
  <datafield tag="955" ind1=" " ind2=" ">
    <subfield code="b">BENT</subfield>
    <subfield code="p">2745002-5900</subfield>
    <subfield code="z">v.34:no.6(2013:Nov. 20)</subfield>
  </datafield>
  <datafield tag="955" ind1=" " ind2=" ">
    <subfield code="b">BENT</subfield>
    <subfield code="p">2745002-5910</subfield>
    <subfield code="z">v.34:no.7(2013:Nov. 27)</subfield>
  </datafield>
  <datafield tag="955" ind1=" " ind2=" ">
    <subfield code="b">BENT</subfield>
    <subfield code="p">2745002-5920</subfield>
    <subfield code="z">v.34:no.8(2013:Dec. 04)</subfield>
  </datafield>
  <datafield tag="955" ind1=" " ind2=" ">
    <subfield code="b">BENT</subfield>
    <subfield code="p">2745002-5930</subfield>
    <subfield code="z">v.34:no.9(2013:Dec. 11)</subfield>
  </datafield>
  <datafield tag="955" ind1=" " ind2=" ">
    <subfield code="b">BENT</subfield>
    <subfield code="p">2745002-5940</subfield>
    <subfield code="z">v.34:no.10(2013:Dec. 18)</subfield>
  </datafield>
  <datafield tag="955" ind1=" " ind2=" ">
    <subfield code="b">BENT</subfield>
    <subfield code="p">2745002-5950</subfield>
    <subfield code="z">v.34:no.11(2013:Dec. 25)</subfield>
  </datafield>
  <datafield tag="955" ind1=" " ind2=" ">
    <subfield code="b">BENT</subfield>
    <subfield code="p">2745002-5960</subfield>
    <subfield code="z">v.34:no.12(2014:Jan. 01)</subfield>
  </datafield>
  <datafield tag="955" ind1=" " ind2=" ">
    <subfield code="b">BENT</subfield>
    <subfield code="p">2745002-5970</subfield>
    <subfield code="z">v.34:no.13(2014:Jan. 08)</subfield>
  </datafield>
  <datafield tag="955" ind1=" " ind2=" ">
    <subfield code="b">BENT</subfield>
    <subfield code="p">2745002-5980</subfield>
    <subfield code="z">v.34:no.14(2014:Jan. 15)</subfield>
  </datafield>
  <datafield tag="955" ind1=" " ind2=" ">
    <subfield code="b">BENT</subfield>
    <subfield code="p">2745002-5990</subfield>
    <subfield code="z">v.34:no.15(2014:Jan. 22)</subfield>
  </datafield>
  <datafield tag="955" ind1=" " ind2=" ">
    <subfield code="b">BENT</subfield>
    <subfield code="p">2745002-600</subfield>
    <subfield code="z">v.25:no.20(2005:Feb. 16)</subfield>
  </datafield>
  <datafield tag="955" ind1=" " ind2=" ">
    <subfield code="b">BENT</subfield>
    <subfield code="p">2745002-6000</subfield>
    <subfield code="z">v.34:no.16(2014:Jan. 29)</subfield>
  </datafield>
  <datafield tag="955" ind1=" " ind2=" ">
    <subfield code="b">BENT</subfield>
    <subfield code="p">2745002-6010</subfield>
    <subfield code="z">v.34:no.17(2014:Feb. 05)</subfield>
  </datafield>
  <datafield tag="955" ind1=" " ind2=" ">
    <subfield code="b">BENT</subfield>
    <subfield code="p">2745002-6020</subfield>
    <subfield code="z">v.34:no.18(2014:Feb. 12)</subfield>
  </datafield>
  <datafield tag="955" ind1=" " ind2=" ">
    <subfield code="b">BENT</subfield>
    <subfield code="p">2745002-6030</subfield>
    <subfield code="z">v.34:no.19(2014:Feb. 19)</subfield>
  </datafield>
  <datafield tag="955" ind1=" " ind2=" ">
    <subfield code="b">BENT</subfield>
    <subfield code="p">2745002-6040</subfield>
    <subfield code="z">v.34:no.20(2014:Feb. 26)</subfield>
  </datafield>
  <datafield tag="955" ind1=" " ind2=" ">
    <subfield code="b">BENT</subfield>
    <subfield code="p">2745002-6050</subfield>
    <subfield code="z">v.34:no.21(2014:Mar. 05)</subfield>
  </datafield>
  <datafield tag="955" ind1=" " ind2=" ">
    <subfield code="b">BENT</subfield>
    <subfield code="p">2745002-6060</subfield>
    <subfield code="z">v.34:no.22(2014:Mar. 12)</subfield>
  </datafield>
  <datafield tag="955" ind1=" " ind2=" ">
    <subfield code="b">BENT</subfield>
    <subfield code="p">2745002-6070</subfield>
    <subfield code="z">v.34:no.23(2014:Mar. 19)</subfield>
  </datafield>
  <datafield tag="955" ind1=" " ind2=" ">
    <subfield code="b">BENT</subfield>
    <subfield code="p">2745002-6080</subfield>
    <subfield code="z">v.34:no.24(2014:Mar. 26)</subfield>
  </datafield>
  <datafield tag="955" ind1=" " ind2=" ">
    <subfield code="b">BENT</subfield>
    <subfield code="p">2745002-6090</subfield>
    <subfield code="z">v.34:no.25(2014:April 02)</subfield>
  </datafield>
  <datafield tag="955" ind1=" " ind2=" ">
    <subfield code="b">BENT</subfield>
    <subfield code="p">2745002-610</subfield>
    <subfield code="z">v.25:no.21(2005:Feb. 23)</subfield>
  </datafield>
  <datafield tag="955" ind1=" " ind2=" ">
    <subfield code="b">BENT</subfield>
    <subfield code="p">2745002-6100</subfield>
    <subfield code="z">v.34:no.26(2014:April 09)</subfield>
  </datafield>
  <datafield tag="955" ind1=" " ind2=" ">
    <subfield code="b">BENT</subfield>
    <subfield code="p">2745002-6110</subfield>
    <subfield code="z">v.34:no.27(2014:April 16)</subfield>
  </datafield>
  <datafield tag="955" ind1=" " ind2=" ">
    <subfield code="b">BENT</subfield>
    <subfield code="p">2745002-6120</subfield>
    <subfield code="z">v.34:no.28(2014:April 23)</subfield>
  </datafield>
  <datafield tag="955" ind1=" " ind2=" ">
    <subfield code="b">BENT</subfield>
    <subfield code="p">2745002-6130</subfield>
    <subfield code="z">v.34:no.29(2014:April 30)</subfield>
  </datafield>
  <datafield tag="955" ind1=" " ind2=" ">
    <subfield code="b">BENT</subfield>
    <subfield code="p">2745002-6140</subfield>
    <subfield code="z">v.34:no.30(2014:May 07)</subfield>
  </datafield>
  <datafield tag="955" ind1=" " ind2=" ">
    <subfield code="b">BENT</subfield>
    <subfield code="p">2745002-6150</subfield>
    <subfield code="z">v.34:no.31(2014:May 14)</subfield>
  </datafield>
  <datafield tag="955" ind1=" " ind2=" ">
    <subfield code="b">BENT</subfield>
    <subfield code="p">2745002-6160</subfield>
    <subfield code="z">v.34:no.32(2014:May 21)</subfield>
  </datafield>
  <datafield tag="955" ind1=" " ind2=" ">
    <subfield code="b">BENT</subfield>
    <subfield code="p">2745002-6170</subfield>
    <subfield code="z">v.34:no.33(2014:May 28)</subfield>
  </datafield>
  <datafield tag="955" ind1=" " ind2=" ">
    <subfield code="b">BENT</subfield>
    <subfield code="p">2745002-6180</subfield>
    <subfield code="z">v.34:no.34(2014:Jun. 04)</subfield>
  </datafield>
  <datafield tag="955" ind1=" " ind2=" ">
    <subfield code="b">BENT</subfield>
    <subfield code="p">2745002-6190</subfield>
    <subfield code="z">v.34:no.35(2014:Jun. 11)</subfield>
  </datafield>
  <datafield tag="955" ind1=" " ind2=" ">
    <subfield code="b">BENT</subfield>
    <subfield code="p">2745002-620</subfield>
    <subfield code="z">v.25:no.22(2005:Mar. 02)</subfield>
  </datafield>
  <datafield tag="955" ind1=" " ind2=" ">
    <subfield code="b">BENT</subfield>
    <subfield code="p">2745002-6200</subfield>
    <subfield code="z">v.34:no.36(2014:Jun. 18)</subfield>
  </datafield>
  <datafield tag="955" ind1=" " ind2=" ">
    <subfield code="b">BENT</subfield>
    <subfield code="p">2745002-6210</subfield>
    <subfield code="z">v.34:no.37(2014:Jun. 25)</subfield>
  </datafield>
  <datafield tag="955" ind1=" " ind2=" ">
    <subfield code="b">BENT</subfield>
    <subfield code="p">2745002-6220</subfield>
    <subfield code="z">v.34:no.38(2014:Jul. 02)</subfield>
  </datafield>
  <datafield tag="955" ind1=" " ind2=" ">
    <subfield code="b">BENT</subfield>
    <subfield code="p">2745002-6230</subfield>
    <subfield code="z">v.34:no.39(2014:Jul. 09)</subfield>
  </datafield>
  <datafield tag="955" ind1=" " ind2=" ">
    <subfield code="b">BENT</subfield>
    <subfield code="p">2745002-6240</subfield>
    <subfield code="z">v.34:no.40(2014:Jul. 16)</subfield>
  </datafield>
  <datafield tag="955" ind1=" " ind2=" ">
    <subfield code="b">BENT</subfield>
    <subfield code="p">2745002-6250</subfield>
    <subfield code="z">v.34:no.41(2014:Jul. 23)</subfield>
  </datafield>
  <datafield tag="955" ind1=" " ind2=" ">
    <subfield code="b">BENT</subfield>
    <subfield code="p">2745002-6260</subfield>
    <subfield code="z">v.34:no.42(2014:Jul. 30)</subfield>
  </datafield>
  <datafield tag="955" ind1=" " ind2=" ">
    <subfield code="b">BENT</subfield>
    <subfield code="p">2745002-6270</subfield>
    <subfield code="z">v.34:no.43(2014:Aug. 06)</subfield>
  </datafield>
  <datafield tag="955" ind1=" " ind2=" ">
    <subfield code="b">BENT</subfield>
    <subfield code="p">2745002-6280</subfield>
    <subfield code="z">v.34:no.44(2014:Aug. 13)</subfield>
  </datafield>
  <datafield tag="955" ind1=" " ind2=" ">
    <subfield code="b">BENT</subfield>
    <subfield code="p">2745002-6290</subfield>
    <subfield code="z">v.34:no.45(2014:Aug. 20)</subfield>
  </datafield>
  <datafield tag="955" ind1=" " ind2=" ">
    <subfield code="b">BENT</subfield>
    <subfield code="p">2745002-630</subfield>
    <subfield code="z">v.25:no.23(2005:Mar. 09)</subfield>
  </datafield>
  <datafield tag="955" ind1=" " ind2=" ">
    <subfield code="b">BENT</subfield>
    <subfield code="p">2745002-6300</subfield>
    <subfield code="z">v.34:no.46(2014:Aug. 27)</subfield>
  </datafield>
  <datafield tag="955" ind1=" " ind2=" ">
    <subfield code="b">BENT</subfield>
    <subfield code="p">2745002-6310</subfield>
    <subfield code="z">v.34:no.47(2014:Sep. 03)</subfield>
  </datafield>
  <datafield tag="955" ind1=" " ind2=" ">
    <subfield code="b">BENT</subfield>
    <subfield code="p">2745002-6320</subfield>
    <subfield code="z">v.34:no.48(2014:Sep. 10)</subfield>
  </datafield>
  <datafield tag="955" ind1=" " ind2=" ">
    <subfield code="b">BENT</subfield>
    <subfield code="p">2745002-6330</subfield>
    <subfield code="z">v.34:no.49(2014:Sep. 17)</subfield>
  </datafield>
  <datafield tag="955" ind1=" " ind2=" ">
    <subfield code="b">BENT</subfield>
    <subfield code="p">2745002-6340</subfield>
    <subfield code="z">v.34:no.50(2014:Sep. 24)</subfield>
  </datafield>
  <datafield tag="955" ind1=" " ind2=" ">
    <subfield code="b">BENT</subfield>
    <subfield code="p">2745002-6350</subfield>
    <subfield code="z">v.34:no.51(2014:Oct. 01)</subfield>
  </datafield>
  <datafield tag="955" ind1=" " ind2=" ">
    <subfield code="b">BENT</subfield>
    <subfield code="p">2745002-6360</subfield>
    <subfield code="z">v.34:no.52(2014:Oct. 08)</subfield>
  </datafield>
  <datafield tag="955" ind1=" " ind2=" ">
    <subfield code="b">BENT</subfield>
    <subfield code="p">2745002-640</subfield>
    <subfield code="z">v.25:no.24(2005:Mar. 16)</subfield>
  </datafield>
  <datafield tag="955" ind1=" " ind2=" ">
    <subfield code="b">BENT</subfield>
    <subfield code="p">2745002-650</subfield>
    <subfield code="z">v.25:no.25(2005:Mar. 23)</subfield>
  </datafield>
  <datafield tag="955" ind1=" " ind2=" ">
    <subfield code="b">BENT</subfield>
    <subfield code="p">2745002-740</subfield>
    <subfield code="z">v.25:no.34(2005:May 25)</subfield>
  </datafield>
  <datafield tag="955" ind1=" " ind2=" ">
    <subfield code="b">BENT</subfield>
    <subfield code="p">B1060066</subfield>
  </datafield>
  <datafield tag="955" ind1=" " ind2=" ">
    <subfield code="b">BENT</subfield>
    <subfield code="p">B2808251</subfield>
    <subfield code="z">v.24:no.14(2004:Jan.7)-v.24:no.30(2004:Apr.28)</subfield>
  </datafield>
  <datafield tag="955" ind1=" " ind2=" ">
    <subfield code="b">BENT</subfield>
    <subfield code="p">B2808253</subfield>
    <subfield code="z">v.24:no.32(2004:May 12)-v.24:no.48(2004:Sept.1)</subfield>
  </datafield>
  <datafield tag="955" ind1=" " ind2=" ">
    <subfield code="b">BENT</subfield>
    <subfield code="p">B2808257</subfield>
    <subfield code="z">v.24:no.50(2004:Sep. 15)-v.24:no.42(2004:Sept.29)</subfield>
  </datafield>
  <datafield tag="955" ind1=" " ind2=" ">
    <subfield code="b">BENT</subfield>
    <subfield code="p">B2808259</subfield>
    <subfield code="z">v.25:no.1(2004:Oct. 06)-v.25:no.13(2004:Dec.29)</subfield>
  </datafield>
  <datafield tag="955" ind1=" " ind2=" ">
    <subfield code="b">BENT</subfield>
    <subfield code="p">B2808264</subfield>
    <subfield code="z">v.25:no.26(2005:Mar. 30)-v.25:no.33(2005:May 18)</subfield>
  </datafield>
  <datafield tag="955" ind1=" " ind2=" ">
    <subfield code="b">BENT</subfield>
    <subfield code="p">B2808266</subfield>
    <subfield code="z">v.25:no.35(2005:Jun. 01)-v.25:no.52(2005:Sept.28)</subfield>
  </datafield>
  <datafield tag="955" ind1=" " ind2=" ">
    <subfield code="b">BENT</subfield>
    <subfield code="p">B2808270</subfield>
    <subfield code="z">v.26:no.1(2005:Oct. 05)-v.26:no.26 (2005:Mar.29)</subfield>
  </datafield>
  <datafield tag="955" ind1=" " ind2=" ">
    <subfield code="b">BENT</subfield>
    <subfield code="p">B3092746</subfield>
    <subfield code="z">v.26:no.26(2006:March 29)</subfield>
  </datafield>
  <datafield tag="955" ind1=" " ind2=" ">
    <subfield code="b">BENT</subfield>
    <subfield code="p">B4490064</subfield>
    <subfield code="z">v.31:no.14(2011:Jan. 12)</subfield>
  </datafield>
  <datafield tag="955" ind1=" " ind2=" ">
    <subfield code="b">BENT</subfield>
    <subfield code="p">B5705649</subfield>
    <subfield code="z">v.32:no.53(2012:Oct. 10)</subfield>
  </datafield>
  <datafield tag="955" ind1=" " ind2=" ">
    <subfield code="b">BENT</subfield>
    <subfield code="p">B6488704</subfield>
    <subfield code="z">v.31:no.45(2011:Aug. 17)</subfield>
  </datafield>
</record>
